2684 4767
513 290 1252 375 DlssEnTATIO
1309 288 1805 377 cmncA„
1980 312 1989 323 “
2104 304 2193 371 23

95 459 382 515 rentem.
469 444 696 527 Vera,
737 466 910 531 quae
949 454 1255 514 venatur
1285 446 1357 509 in
1398 449 1597 511 rebus
1630 468 1800 533 quae
1829 458 2188 531 geruntur3

93 536 254 595 falsa
279 578 302 609 ,
365 552 542 615 quse
573 534 744 597 circa
777 532 1036 593 fabulas
1067 542 1136 593 et
1162 530 1475 611 figmenta
1510 546 1839 613 moratur3
1886 534 2033 597 veri
2069 536 2188 599 ali·

93 614 248 699 quid
293 618 638 695 referens,
711 637 882 701 quae
921 616 994 679 in
1040 610 1416 679 Comoediis
1458 630 1525 681 et
1560 616 1805 684 mimis.
1892 616 2075 681 Vera
2118 632 2187 683 et

93 702 258 763 falsa
298 698 522 767 adhuc
557 698 1110 777 subdividuntur,
1156 709 1226 762 et
1273 720 1473 763 verae
1519 700 1788 786 quidem
1842 715 1999 765 sunt
2044 714 2183 777 tres

91 798 358 871 partes,
399 786 530 847 alia
563 808 734 869 quae
765 796 1070 847 versatur
1097 784 1172 849 in
1205 780 1656 849 describendis
1682 782 1976 851 Deorum
2016 808 2183 870 per-5

91 872 316 945 sonis,
361 881 438 933 et
467 869 768 933 Heroum
805 870 1232 954 virorumque
1279 869 1675 934 illustrium:
1722 870 1851 934 alia
1892 890 2063 955 quae
2104 873 2179 935 in

89 956 248 1017 locis
297 966 370 1017 et
431 958 874 1039 temporibus,
933 954 1066 1017 alia
1120 950 1407 1038 denique
1458 975 1627 1039 quae
1668 954 1741 1017 in
1784 957 2180 1023 actionibus.

87 1038 326 1103 Falsae
361 1060 528 1103 vero
559 1039 752 1103 unica
798 1050 902 1101 est
945 1048 1206 1101 tantum
1233 1037 1527 1120 species,
1576 1058 1819 1123 nempe
1853 1040 2181 1117 genealo-

89 1124 224 1203 gia,
289 1144 498 1207 quam
551 1124 820 1209 proprie
862 1124 1164 1186 rhetores
1218 1122 1547 1201 attingere
1592 1121 1815 1187 docuit
1852 1120 2179 1189 Isocrates

85 1208 152 1269 in
184 1206 531 1269 Busiridis
563 1206 982 1283 laudatione3
1029 1228 1158 1291 quo
1181 1206 1330 1269 loco
1364 1204 1781 1271 Palamedem
1818 1208 2177 1287 rhetorem,

87 1294 196 1375 qui
265 1288 606 1357 Busiridis
671 1290 1156 1361 laudationem.
1223 1304 1292 1353 et
1345 1289 1638 1355 Socratis
1689 1294 2179 1358 accusationem

85 1397 202 1459 pro
241 1374 490 1457 Anyto
538 1390 607 1439 et
651 1374 888 1439 Melite
931 1388 1428 1459 composuerat,
1484 1386 1749 1450 monet,
1816 1398 1953 1439 non
1996 1390 2178 1441 recte

85 1462 276 1521 illum
325 1463 638 1545 quamvis
695 1458 844 1541 περὶ
885 1454 1002 1535 τὰς
1055 1460 1476 1541 γενεαλογίας
1531 1456 1985 1528 ἐσπουδακότα
2022 1472 2179 1523 tan-

87 1566 284 1628 quam
315 1546 698 1623 rhetorem,
743 1542 1120 1610 Busiridem
1147 1540 1960 1629 Heroibuscomparasse,
2006 1566 2175 1630 quo-

87 1650 228 1691 rum
265 1631 423 1696 eius
451 1643 754 1715 tempore
790 1626 1084 1693 nondum
1127 1642 1315 1691 erant
1365 1631 1503 1693 nati
1545 1630 1861 1713 parentis,
1946 1628 2175 1713 Atque

85 1714 250 1775 haec
295 1727 409 1777 est
453 1710 875 1799 Asclepiadis
917 1714 1122 1799 partis
1167 1712 1557 1793 historicae,
1612 1736 1782 1799 quae
1822 1712 1905 1779 ad
1954 1735 2175 1796 gram·

85 1802 408 1861 maricam
456 1805 782 1877 refertur,
825 1796 1219 1865 subdivisio.
1309 1796 1790 1885 Persequamur
1821 1819 1943 1861 nos
1984 1796 2066 1861 de
2096 1818 2175 1865 ea

87 1886 304 1947 adhuc
338 1884 534 1969 plura
567 1882 818 1959 dicere,
865 1882 1013 1966 quia
1043 1884 1208 1953 haec
1245 1882 1363 1945 ina
1412 1896 1547 1959 est,
1591 1881 1673 1945 de
1709 1905 1833 1967 qua
1869 1885 2165 1951 maxime
2205 1882 2388 1967 (336)

85 1966 150 2027 in
185 1968 318 2029 hac
368 1966 840 2031 dissertatione
881 1968 1344 2041 tractabimus,
1398 1979 1466 2029 et
1504 1966 1587 2031 ad
1634 1988 1835 2051 quam
1874 1966 2179 2031 Lexico-

87 2074 228 2115 rum
266 2052 900 2115 conscribendorum
931 2048 1164 2115 modus
1198 2051 1513 2136 pertinet,
1544 2065 1617 2115 ut
1644 2063 1715 2114 et
1749 2053 2179 2117 obscurarum

85 2132 692 2221 intricatarumque
749 2157 1002 2213 rerum,
1066 2156 1234 2219 quae
1291 2137 1467 2221 apud
1524 2136 1856 2223 quoslibet
1911 2148 2177 2201 autores

87 2224 444 2300 leguntur,
505 2218 816 2284 enodatio
858 2232 927 2281 et
972 2221 1321 2296 enarratio·
1412 2218 1567 2285 Scio
1620 2232 1922 2285 autorem
1964 2218 2179 2301 Poly-
2272 2244 2299 2279 ·.

87 2307 391 2369 mathiae
420 2318 680 2390 partem
710 2306 880 2369 hanc
926 2300 1305 2389 ἐξηγητικὴν
1345 2306 1566 2389 potius
1602 2327 1799 2391 quam
1839 2300 2178 2387 ἱστορικὴν
2230 2310 2240 2317 ’

87 2410 402 2466 vocasse,
449 2386 626 2475 quod
671 2410 811 2451 non
849 2388 1160 2453 historias
1190 2400 1447 2485 tantum
1474 2437 1492 2469 ,
1538 2390 1673 2453 imo
1710 2402 1780 2451 et
1811 2390 2009 2451 verba
2055 2390 2177 2451 iu·-

89 2485 526 2559 terpretetur.
615 2470 750 2537 Sed
787 2495 909 2535 nae
941 2474 1189 2559 stupidi
1222 2494 1340 2537 nos
1376 2476 1619 2551 simus,
1660 2474 1721 2537 si
1762 2494 1899 2535 non
1934 2470 2179 2535 videa-

89 2580 232 2621 mus
285 2558 472 2645 apud
533 2554 816 2623 Sextum
868 2554 1276 2645 Empiricum
1337 2558 1732 2623 nominatim
1790 2558 1949 2621 huic
2002 2556 2179 2641 parti

89 2645 370 2707 historic
417 2665 458 2707 e
502 2642 1018 2727 explicationem
1081 2644 1521 2707 historiarum-
1557 2654 1621 2706 et
1674 2638 2041 2707 dictionum
2090 2643 2178 2703 si-

91 2730 226 2791 mul
259 2731 358 2792 tri
411 2728 514 2807 ui,
577 2740 645 2791 et
695 2724 871 2812 quod
916 2728 1126 2807 magis
1169 2740 1304 2803 est,
1354 2724 1839 2815 'Asclepiadem
1884 2724 2179 2794 adinstar

95 2810 414 2895 Dionysii
441 2832 640 2875 omne
667 2808 842 2897 quod
872 2812 1162 2896 pertinet
1205 2812 1288 2873 ad
1325 2812 1585 2893 linguas
1633 2812 1739 2874 illi
1785 2810 2177 2891 assignasse.

91 2912 330 2984 utpote
371 2916 542 2983 quae
585 2909 879 2981 exponat
918 2892 1214 2981 κρήγυον
1254 2898 1444 2958 verbi
1484 2896 1727 2977 gratia,
1780 2915 2017 2957 verum
2064 2892 2179 2957 vel

93 2985 348 3045 bonum
397 2976 802 3061 significare,
857 2982 1209 3065 proverbia
1255 2994 1324 3044 et
1364 2978 1786 3044 definitiones
1816 2974 2175 3063 expendat.

89 3064 184 3127 De
233 3066 566 3131 historica
606 3065 844 3145 igitur,
905 3066 1050 3129 sive
1098 3066 1439 3145 exegetica
1484 3066 1946 3143 grammaticae
1989 3074 2177 3147 parte

93 3148 374 3231 dicturi,
423 3168 772 3213 monemus
799 3150 1122 3236 primum,
1169 3152 1314 3213 eius
1347 3150 1717 3213 subiectum
1752 3168 1897 3211 esse
1929 3149 2179 3207 obscu-

91 3238 364 3299 ritatem
399 3235 752 3295 verborum
789 3246 855 3296 et
889 3256 1130 3299 rerum.
1179 3234 1318 3299 ‘De
1367 3255 1586 3297 rerum
1636 3231 2031 3296 obscuritate
2062 3230 2175 3295 hic

93 3322 266 3383 nihil
319 3319 654 3395 dicemus,
704 3318 833 3379 nisi
870 3332 1198 3403 quatenus
1239 3320 1313 3381 in
1360 3314 1635 3383 Lexicis
1681 3314 2178 3379 demonstrabis

91 3426 234 3467 mus
271 3426 414 3467 non
445 3402 666 3465 solum
695 3400 1060 3469 difficiliora
1090 3406 1317 3483 verba,
1350 3400 1465 3465 sed
1496 3414 1566 3465 et
1596 3422 1701 3464 res
1730 3400 2175 3463 intricatiores

94 3489 603 3552 obscurioresve
651 3487 896 3573 exponi
931 3486 1194 3551 debere.
1281 3486 1581 3567 Agemus
1628 3506 1712 3549 ex
1748 3487 2049 3569 professo
2091 3480 2176 3545 de

93 3574 499 3640 obscuritate
555 3573 944 3653 verborum,
1010 3574 1174 3637 circa
1234 3593 1433 3657 quam
1488 3573 1781 3650 glossae,
1837 3566 2174 3649 glossaria,-

91 3657 348 3722 Lexica
377 3707 398 3733 ,
443 3656 567 3721 alia
621 3652 1038 3720 ue‘eiusdem
1077 3656 1369 3721 nominis
1420 3667 1488 3718 et
1528 3654 1811 3721 subiecti
1834 3653 2177 3729 volumina

91 3756 466 3807 versantur.
557 3680 780 3803 {larba
825 3744 936 3805 vel
970 3740 1182 3819 ἰδίως,
1230 3752 1298 3803 et
1329 3740 1633 3825 propriez
1678 3738 1789 3801 vel
1828 3738 2175 3819 τροπικῶς.

96 3842 154 3889 et
185 3828 473 3909 figurate
517 3846 556 3889 a
590 3827 1014 3907 grammatico
1047 3824 1567 3892 considerantur.
1654 3822 1967 3907 Proprie,
2028 3840 2178 3885 cum

95 3912 368 3983 illorum
423 3931 618 3973 usum
683 3909 1010 3990 ostendit,
1071 3924 1141 3975 et
1187 3906 1433 3973 nudam
1498 3911 1829 3990 originem
1886 3910 2179 3995 prosert3

99 4018 222 4079 quo
255 4006 516 4085 spectat
541 3991 962 4081 ἐτυμολογία,
1008 4018 1204 4081 quam
1229 3992 1636 4057 Aristoteles
1668 3988 2029 4077 σύμβολον,
2076 3988 2181 4055 Ci-

102 4103 244 4144 cero
287 4082 738 4157 notationem,
783 4078 1244 4162 Quintilianus
1281 4078 1489 4157 lib-r,
1536 4102 1675 4169 cap.
1718 4101 1833 4153 ut,
1880 4076 2181 4157 origina-
