2684 4767
428 241 511 322 14
841 258 860 290 .-
1050 258 1119 280 --
1181 226 1754 299 mansu-01

424 385 690 473 νεμέας,
733 398 810 454 ut
839 386 966 451 tibi
995 385 1196 452 liceat
1231 406 1379 449 esse
1409 397 1546 465 tam
1576 384 1769 465 docte
1794 385 2277 469 monito'quam
2306 390 2519 455 noxv-

250 504 256 513 ·
371 512 376 529 ι
424 470 783 560 aquintum..
839 470 1004 536 ‘Nec
1049 483 1152 537 est
1197 469 1373 555 quod
1419 472 1565 556 quis
1613 472 1883 535 obiiciat
1941 492 2061 555 pro
2132 474 2515 557 interprete

421 560 548 625 illo
589 556 827 621 adduci
863 576 1060 643 posse
1104 568 1423 639 tanquam
1472 559 1819 639 aequalem
1857 558 1938 631 ab
1978 554 2513 639 Harpocratione

421 644 892 725 Athenaeum,
937 642 1120 721 etab
1153 640 1508 705 Athenaeo
1546 638 2136 725 Harpocrationem
2170 641 2513 703 vicissimz

424 727 714 811 ideoque
743 748 880 789 non
909 728 1153 789 mirum
1183 744 1328 789 esse
1351 774 1366 803 ,
1413 726 1473 787 si
1514 724 1769 791 dicatur
1802 722 2089 789 eundem
2124 722 2517 809 Harpocra-

339 882 344 887 ,
427 812 791 889 tionemet
836 812 1080 873 librum
1121 808 1223 873 De
1259 811 1583 895 placentis
1630 822 1698 872 et
1738 806 2041 875 Lexicon
2082 806 2311 873 decem
2344 810 2515 871 rhe-

425 909 652 963 torum
687 896 1170 981 composuisse:
1217 916 1372 957 nam
1404 896 1529 957 hoc
1566 896 1765 980 plane
1813 907 1917 957 est
1954 912 2075 959 suo
2110 914 2183 955 se
2217 894 2354 969 telo
2382 894 2518 958 in·-

427 981 746 1063 terficere.
793 1000 906 1047 cur
951 979 1132 1049 enim
1178 982 1393 1063 primo
1442 976 1863 1043 Mendesium
1921 990 2227 1041 vocasset
2270 976 2517 1041 Athe-

427 1084 639 1135 naeus
665 1062 1252 1148 Harpocrationem
1291 1066 1521 1142 illum,
1568 1084 1765 1147 quem
1799 1065 2043 1147 placuit
2084 1062 2295 1125 doctis
2321 1060 2519 1123 Alo-

426 1146 714 1215 xandria
740 1142 1094 1214 oriundum
1125 1146 1317 1213 esse?
1362 1146 1805 1230 (Mendesium
1844 1146 2173 1233 siquidem
2216 1149 2517 1223 τοπικῶς

427 1235 542 1301 hic
585 1254 705 1314 ego
751 1232 1040 1317 accipio,
1103 1255 1269 1309 non,
1333 1246 1410 1297 ut
1455 1244 1677 1316 potest
1717 1232 1963 1315 accipi,
2008 1234 2517 1313 παραγωγικῶς,
2667 1272 2668 1293 1

431 1312 562 1388 ἀπὸ
593 1320 717 1383 τοῦ
745 1316 982 1401 μένδης
1023 1318 1094 1383 in
1129 1320 1342 1405 patrio
1376 1314 1729 1400 μένδητος,
1772 1328 1843 1379 et
1884 1329 2135 1387 mutato
2180 1314 2425 1379 deinde
2470 1337 2519 1380 τ
2594 1332 2609 1337 ·
2667 1312 2668 1363 ἶ

429 1400 509 1471 in
547 1418 586 1467 σ
627 1398 1011 1487 μενδήσιος,
1055 1403 1126 1465 id
1155 1415 1258 1465 est
1285 1415 1619 1483 tragosus,
1662 1402 1999 1478 hircosus,
2046 1396 2285 1483 μένδης
2322 1399 2519 1465 enirn.
2667 1434 2668 1447 κ

431 1484 612 1573 apud
641 1488 1008 1572 Aegyptios
1033 1486 1290 1560 hircum
1313 1485 1685 1573 significat.)
1776 1482 1863 1547 Et
1892 1485 2143 1569 optime
2177 1482 2537 1549 Theodo-.

429 1574 560 1637 reti
588 1571 919 1657 interpres
947 1590 1252 1635 sermone
1282 1593 1390 1633 ιιι.
1475 1566 1667 1634 Huic
1696 1568 1916 1657 Apim
1942 1568 2181 1635 bovem
2210 1568 2314 1633 ita
2346 1566 2519 1635 dic-
2546 1592 2553 1599 ·
2667 1620 2668 1655 3

363 1707 404 1725 -
431 1666 583 1723 tum
619 1656 847 1743 Aegy⁴
881 1653 964 1719 tii
989 1654 1333 1733 nutriunt,
1380 1654 1535 1721 Soli
1560 1678 1723 1721 vero
1752 1654 2083 1732 Hit-cum,
2132 1676 2335 1743 quem
2374 1677 2517 1719 vo·-
2660 1662 2669 1735 χ

435 1750 601 1807 cant
627 1739 792 1805 Men
883 1763 972 1808 m.
1045 1740 1102 1803 N
1109 1760 1178 1805 ec
1201 1741 1569 1827 torquenda
1601 1754 1703 1805 est
1726 1751 1923 1803 vetus
1954 1742 2187 1820 lectio,
2232 1736 2516 1824 Μένδην
2667 1738 2668 1779 ³

438 1828 622 1891 enim
653 1837 836 1889 recte
865 1828 1140 1907 legitur,
1193 1846 1328 1889 non
1366 1822 1691 1905 Μνεύειν,
1738 1846 1826 1889 ex
1868 1822 2317 1909 Manuscripto
2344 1822 2510 1891 cod.

263 1920 388 1983 379
437 1932 638 1998 quam
678 1912 1036 1975 lectionem
1085 1923 1342 1973 temere
1379 1924 1447 1975 et
1486 1912 1863 1975 inconsulto
1901 1922 2121 1986 tutare
2167 1911 2355 1973 visus
2400 1922 2515 1975 est

435 1996 738 2077 egregius
762 1996 880 2057 ille
915 1996 1020 2058 vir
1043 1995 1173 2095 “1¹¹5
1215 2012 1489 2059 mensae
1520 1994 1777 2061 Isiacae
1816 1996 2307 2080 expositionem
2349 2007 2513 2059 ante

429 2100 680 2168 paucos
709 2100 920 2143 annos
955 2083 1144 2143 nobis
1175 2077 1375 2143 dedit.
1422 2080 1569 2159 Cur,
1606 2083 1902 2166 inquam,
1942 2078 2363 2143 Mendesium
2389 2082 2513 2143 fe·-

435 2166 634 2231 cisset
657 2164 888 2243 illum,
931 2186 1129 2249 quem
1165 2164 1380 2229 sciunt
1417 2162 1649 2229 omnes
1690 2178 1763 2229 et
1800 2162 2303 2227 Alexandreum
2334 2182 2509 2244 esse,

433 2262 506 2328 et
541 2248 806 2312 Valerii
847 2250 1240 2329 cognomine
1295 2250 1737 2328 insignitum?
1794 2248 2147 2313 Praeterea
2188 2268 2303 2311 cur
2340 2251 2507 2333 qui-

433 2332 712 2405 busdam
759 2335 836 2396 in
875 2336 1035 2397 locis
1080 2333 1292 2417 ipsius
1350 2332 1653 2397 Lexicon-
1704 2334 1933 2397 decem
1992 2336 2369 2409 rhetorum,
2430 2344 2511 2399 ut

428 2417 680 2483 librum
723 2416 806 2481 de
856 2417 1188 2481 Placentis
1239 2438 1377 2481 non
1430 2418 1798 2497 laudasset,
1858 2419 1917 2481 si
1970 2438 2142 2480 unus
2200 2430 2269 2481 et
2324 2415 2511 2481 idem

434 2500 920 2585 Harpocration
977 2514 1156 2567 esset
1209 2502 1449 2567 horum
1504 2504 1825 2569 librorum
1888 2501 2171 2589 parens?
2228 2504 2511 2567 herbam

432 2588 654 2651 libens
703 2588 1076 2673 porrigam,
1133 2587 1191 2649 si
1232 2587 1389 2672 quid
1428 2586 1517 2649 ad
1559 2590 1675 2651 illa
1726 2588 2029 2673 responsi
2069 2586 2339 2653 daturus
2388 2588 2503 2657 sis,

439 2672 602 2735 etin
631 2692 742 2734 me
775 2675 908 2735 tela
945 2686 1324 2757 retorqueas
1362 2673 1705 2737 lacessitus
1742 2672 1871 2735 hoc
1909 2672 2129 2735 modo.
2192 2672 2345 2735 -Vis
2376 2670 2511 2733 ad·-

367 2758 400 2836 ,’
436 2756 570 2819 huc
611 2756 826 2819 maius
887 2767 1423 2839 argumentorum
1474 2778 1755 2821 acumen
1806 2769 1875 2819 et
1922 2758 2131 2837 magis
2182 2754 2507 2819 vibrans?

439 2842 689 2905 erravit
742 2839 1226 2927 Harpocration
1285 2843 1361 2903 in
1426 2840 1875 2907 describendis
1932 2842 2097 2927 ipsis
2162 2840 2509 2905 Athenaei

437 2924 700 3005 verbis,
755 2946 912 3006 ergo
947 2948 1083 3001 non
1113 2928 1340 2989 abillo
1366 2925 1799 3006 Athenaeus,
1846 2924 1966 2989 sed
1990 2926 2107 2987 ille
2153 2928 2232 2991 ab
2272 2925 2509 2989 Athe-

440 3030 611 3076 naeo
659 3030 772 3073 sua
815 3023 1156 3074 mutuatus
1195 3022 1314 3073 est.
1402 3010 1581 3073 Vide
1618 3031 1789 3097 quae
1838 3022 2145 3075 notamus
2184 3008 2270 3074 ad
2305 3011 2504 3073 scorti

438 3114 686 3157 nomen
715 3097 1056 3181 proprium
1099 3092 1433 3173 Νάννιον,
1478 3097 1687 3172 λείψει
1724 3117 1803 3178 με
1840 3090 1969 3179 γὰρ
2006 3092 2049 3179 ᾖ
2092 3092 2306 3181 ἡμέρα
2336 3091 2505 3159 κατὰ

435 3175 513 3248 τὰ
544 3174 923 3265 λεγόμενον,
973 3181 1032 3243 si
1064 3183 1344 3245 ulterius
1375 3182 1783 3265 progrediar,
1830 3196 1899 3243 et
1928 3192 2311 3262 argumenta
2338 3181 2505 3243 haec

221 3266 410 3357 (823)
437 3266 824 3331 confirmare
869 3286 944 3329 ac
989 3266 1286 3329 stabilire
1323 3264 1757 3331 validissimis
1798 3267 1948 3329 aliis
1989 3266 2355 3329 rationibus
2398 3286 2505 3329 co·

437 3370 576 3413 ner.
666 3348 894 3429 Quare
939 3352 1106 3413 haee
1147 3350 1476 3413 sufficiant
1515 3349 1598 3415 ad
1635 3352 2109 3415 refutationem
2140 3363 2337 3413 notae
2384 3352 2504 3413 ob·-

319 3484 325 3489 -
433 3435 612 3499 scuri
642 3435 1064 3517 interpretis,
1110 3456 1279 3519 qnae
1325 3455 1413 3497 ne
1447 3435 1715 3518 quidem
1753 3448 1907 3499 nota
1954 3454 2101 3499 esse
2146 3432 2503 3515 debuisset,

437 3538 562 3581 nec
587 3518 944 3582 titivillitio
965 3520 1124 3585 emi.
1213 3518 1629 3602 Quaeramus
1656 3540 1815 3583 num
1844 3520 1989 3603 quis
2028 3521 2197 3583 alius
2227 3524 2293 3581 in
2325 3518 2504 3583 Ter-
2544 3528 2561 3545 ⁵

435 3603 705 3666 tulliani
754 3606 990 3667 verbis·
1016 3604 1371 3670 sudaverit.
1463 3604 1742 3671 Iacobus
1790 3604 2153 3673 l’amelius.
2202 3606 2505 3669 novissi-

437 3707 588 3757 mus
644 3690 866 3774 operis
919 3688 1381 3756 Tertullianici
1438 3700 1811 3769 enarrator,
1881 3692 2083 3755 aliam
2132 3700 2201 3753 et
2260 3710 2505 3757 novem

437 3772 636 3855 plane
685 3784 1005 3858 sequutus
1065 3786 1168 3839 est
1223 3778 1436 3855 viarm
1492 3772 2085 3858 Harpocrationem
2144 3776 2363 3851 enim,
2418 3776 2501 3839 de

440 3877 572 3941 quo
618 3854 1104 3935 Tertullianus,
1163 3858 1453 3923 eundem
1510 3880 1657 3923 esse
1706 3873 1897 3946 putat
1958 3880 2107 3923 cum
2152 3860 2272 3925 illo
2318 3862 2503 3926 cuius

437 3944 924 4028 manuscriptus
951 3942 1202 4017 codex,
1241 3944 1399 4024 περὶ
1436 3948 1741 4029 φυσικῶν
1778 3942 2157 4029 δυνάμεων,
2202 3959 2503 4011 servatur

438 4025 514 4089 in
544 4026 894 4096 Vaticano.
945 4094 954 4113 2
983 4024 1184 4097 Cuius
1213 4029 1377 4099 fidei
1410 4030 1799 4109 allidimus,
1842 4052 1981 4097 non
2017 4030 2245 4116 inepte
2290 4030 2501 4097 autori

2202 4220 2221 4261 l
