2684 4767
447 234 586 353 esf
1209 204 1776 337 mAtrssAct
1824 269 1836 284 ⁸

243 416 428 510 (349)
456 430 646 485 mum
687 413 868 481 enim
915 423 1020 477 est
1059 411 1503 479 Aristotelem
1542 406 1793 497 νόμιμα
1824 411 2194 499 βαρβαρικῶ
2246 434 2557 501 compu—
2591 468 2638 479 .-

217 762 242 795 1

451 506 670 567 suisse
689 547 707 579 ,
764 513 996 565 autore
1037 498 1407 583 Apollonio
1452 495 1525 563 ἐν
1560 498 1877 581 ἱστορίαις
1910 499 2339 583 θαυμασίαις,
2392 522 2557 563 non

409 626 420 634 -
457 600 534 650 ut
571 598 764 649 autor
791 582 1246 663 Polymathiae
1269 630 1286 661 ,
1331 582 1771 668 Theopompo
1816 582 1887 649 ἐν
1928 590 2067 661 τοῖς
2104 586 2549 667 θαυμασίοις.

459 694 596 735 non
651 670 828 733 enim
889 665 1574 753 Tlieopompus,*sed
1632 668 2035 751 Apollonius
2088 671 2161 733 in
2226 671 2551 733 historiis

457 756 872 819 mirabilibus
919 762 1232 815 testatum
1277 752 1580 835 reliquit,
1623 752 2059 819 Aristotelem
2096 749 2344 837 νόμιμα
2370 756 2553 838 βαρ-

459 834 698 926 βαρικὰ
733 836 1194 920 composuisse.
1284 835 1473 899 Idem
1504 838 1894 921 Apollonius
1918 851 2111 902 autor
2138 852 2260 911 est,
2286 838 2551 901 Theo-

461 944 780 1010 pompum
809 914 1152 1003 θαυμάσια
1177 923 1380 985 etiam
1406 922 1885 1004 composuisse:
1932 942 2101 1006 quae
2130 944 2235 985 res
2263 921 2553 1005 decepit

461 1010 726 1071 doctum
763 1008 1025 1069 wirmu-
1141 1002 1298 1089 Cap.
1368 1003 1625 1069 decimo
1699 1005 2055 1070 laudantur
2104 1008 2553 1092 Theopompi

461 1088 838 1175 θαυμάσια,
883 1111 1021 1173 cap.
1055 1086 1406 1155 undecimo
1448 1090 1835 1153 Aristotelis
1864 1086 2113 1175 νόμιμα
2138 1088 2543 1177 βαρβαρικά.

460 1177 694 1243 Liceat
738 1196 902 1239 vero
947 1180 1391 1255 fragmentum
1434 1173 1609 1259 quod
1642 1176 1898 1237 eruitur
1930 1197 2015 1239 ex
2052 1179 2358 1260 νομίμοις
2388 1178 2544 1240 iltis

463 1262 1171 1409 {5⁰ssssi’fflf,⁶0333‘1‚¹2¹2³
1209 1258 2543 1431 {2¹:⁵¹⁹}ss‘33:1⁵1}?„¹3²3.i:¹„¹”„t÷¹f,⁸;2⁶<;a‘¹5²2³

1323 1390 1340 1419 ,
2486 1384 2545 1397 .-

463 1452 612 1497 mus
647 1451 732 1492 ex
759 1428 1170 1491 mirabilibus
1207 1428 1351 1488 eius
1386 1429 1908 1500 narrationibus.
1956 1451 2090 1493 non
2127 1452 2357 1515 parum
2388 1430 2545 1494 uti·-

461 1515 672 1579 litatis
699 1514 937 1575 afferre
965 1522 1182 1595 potest
1210 1512 1378 1572 scire
1408 1513 1825 1596 cupientibus
1858 1512 2015 1598 quid
2054 1516 2317 1601 proprie
2343 1512 2541 1599 νόμι-

463 1624 564 1684 μα
589 1591 970 1683 βαρβαρικά.
1055 1594 1180 1657 Ait
1219 1594 1659 1679 Apollonius,
1697 1589 2131 1683 Ἀριστοτέλης
2176 1597 2245 1664 δὲ
2280 1598 2353 1665 ἐν
2388 1604 2541 1667 Νο-

461 1685 688 1769 μίμοις
735 1683 1172 1787 Βαρβαρικοῖς
1191 1728 1208 1758 ,
1267 1685 1382 1763 τῆς
1428 1680 1680 1761 Καρίας
1729 1684 2033 1767 σκορπίοι
2072 1685 2403 1769 γίνονται,
2464 1690 2541 1751 οἳ

465 1765 626 1844 τούς
667 1762 787 1850 μὲν
824 1764 1048 1843 ξενους
1085 1759 1511 1842 πατάξαντες,
1557 1761 1640 1829 οὐ
1680 1766 1830 1831 λίαν
1866 1761 2171 1833 ἀδικοῦσι
2190 1788 2205 1805 ·
2266 1768 2423 1847 τούς
2458 1770 2541 1837 δὲ

465 1851 884 1937 ἐπιχωρίους,
930 1843 1086 1932 παρ’
1133 1844 1300 1913 αὐτὰ
1339 1844 1854 1916 ἀποκτείνουσιν.
1942 1850 2135 1917 Certe
2170 1856 2367 1935 longe
2418 1856 2541 1917 di-

466 1960 734 2015 versum
769 1934 851 1997 de
883 1937 1298 2019 serpentibus
1337 1934 1760 2019 quibusdam,
1806 1938 1918 2021 qui
1944 1937 2018 1999 in
2050 1938 2571 2025 Mesopotamia.

465 2024 810 2097 visuntur,
853 2020 1093 2098 legisse
1123 2040 1242 2081 nos
1267 2020 1691 2083 meminimus
1721 2021 1895 2105 apud
1928 2022 2212 2087 eundem
2248 2023 2541 2088 Aristo—

469 2110 676 2169 telem
717 2102 866 2189 περὶ
907 2104 1299 2186 θαυμασίων
1342 2096 1793 2184 ἀκουσμάτων.
1838 2108 1978 2170 illic
2026 2109 2207 2171 enim
2244 2112 2538 2174 refertur

469 2192 546 2255 in
590 2189 1064 2273 Mesopotamia
1115 2187 1381 2271 Syriae,
1440 2200 1509 2251 et
1543 2190 1616 2251 in
1656 2188 1984 2269 latrante,
2043 2192 2537 2269 ex'a'utoritate

297 2298 426 2363 333
473 2273 906 2362 quorundam,
951 2274 1136 2335 nasci
1161 2287 1502 2359 serpentes
1535 2274 1849 2359 quosdam
1876 2278 1987 2363 qui
2014 2276 2360 2358 indigenas
2395 2300 2537 2343 non

471 2359 855 2427 mordeant.
903 2358 1150 2421 exteris
1191 2378 1353 2421 vero
1402 2358 1597 2423 valde
1640 2377 1955 2439 noceant,
2002 2358 2073 2427 ἐν
2108 2358 2177 2427 δὲ
2204 2366 2285 2449 τῇ
2310 2366 2537 2428 Μεσο-

474 2443 762 2528 ποταμίᾳ
817 2446 934 2526 τῆς
988 2441 1270 2525 Συρίας,
1326 2444 1577 2547 iuquit,
1634 2444 1831 2529 φασὶ,
1882 2446 1995 2512 καὶ
2048 2444 2120 2513 ἐν
2160 2443 2534 2533 Ἰστροῦντι

427 2538 434 2564 ²
471 2524 702 2637 ὀφίδιᾶ
727 2550 878 2593 τινα
901 2527 1274 2611 γίγνεσθαι,
1319 2550 1364 2591 α
1393 2524 1551 2603 τούς
1582 2525 1933 2675 ἐγχωρίους
1960 2527 2042 2597 οὐ
2077 2528 2327 2612 δάκνει,
2370 2530 2534 2611 τούς

1696 2634 1733 2677 e

469 2620 695 2699 ξενους
737 2614 808 2679 δε
858 2610 972 2677 καὶ
1013 2606 1226 2678 ἀδικεῖ
1279 2606 1557 2695 σφόδρα.
1642 2614 1689 2677 S
1838 2638 2217 2681 emansores
2262 2638 2529 2682 sumus:

469 2700 818 2769 redeamus
845 2700 921 2760 in
951 2699 1150 2761 viam.
1215 2695 1611 2761 Dicebamus
1638 2700 2073 2803 Aristotelem
2099 2698 2347 2786 νόμιμα
2374 2706 2529 2787 βαρ-

469 2778 708 2875 βαρικά
755 2782 1231 2866 composuisse,
1288 2790 1365 2843 ut
1416 2780 1791 2865 Τυρρηνικὰ
1838 2808 2114 2869 νομιμα,
2160 2808 2326 2872 quae
2372 2790 2530 2852 lau-
2662 2872 2664 2875 Α

471 2874 710 2934 dantur
741 2868 820 2929 ab
851 2865 1239 2938 Athenaeo,
1282 2867 1517 2947 glossis
1548 2867 1815 2953 quidem
1842 2870 2037 2935 valde
2064 2873 2307 2935 similia
2328 2922 2347 2951 ,
2392 2892 2529 2936 non

467 2958 566 3021 ita
589 2938 814 3015 tam'en
841 2962 916 3013 ut
951 2948 1268 3013 confundi
1297 2951 1555 3030 glossae
1590 2974 1737 3015 cum
1766 2954 2069 3038 νομίμοις
2106 2958 2532 3041 βαρβαρικοῖς

471 3040 778 3104 debeant.
863 3032 1010 3097 Imo
1059 3055 1139 3098 ea
1177 3036 1542 3121 est‘opinio
1574 3050 1828 3118 nostra,
1874 3053 1949 3103 ut
1992 3044 2241 3121 glossas
2280 3064 2319 3105 a
2344 3043 2528 3127 νομί-

435 3198 444 3207 ,
468 3146 618 3210 μοις
652 3122 1078 3205 βαρβαρικοῖς
1125 3117 1387 3182 dissitas
1434 3131 1503 3181 et
1545 3117 1841 3188 diversas
1889 3128 2097 3189 fuisse
2136 3125 2525 3207 iudicemus,

471 3208 592 3273 sed
635 3218 712 3269 ut
751 3206 1116 3303 plurimum
1160 3203 1338 3267 inter
1368 3198 1618 3287 νόμιμα
1644 3207 1796 3285 illa,
1841 3208 1988 3272 sive
2036 3212 2527 3282 barbaricaes-

261 3306 442 3388 (350)
475 3302 659 3367 sent,
711 3309 858 3353 sive
897 3286 1340 3369 Tyrrhenica,
1401 3288 1544 3351 sive
1587 3293 1801 3370 gentis
1844 3295 2149 3373 alterius,
2206 3296 2525 3381 quaedam

471 3380 728 3462 glossae
779 3372 1306 3436 continebantur.
1348 3368 1597 3456 νόμιμα
1636 3376 1887 3456 glossas
1934 3381 2283 3464 complecti
2324 3394 2527 3466 pote-

469 3472 656 3536 rant,
713 3478 848 3519 non
897 3460 1153 3538 glossae
1208 3452 1290 3521 τὰ
1337 3452 1613 3541 νόμιμα,
1678 3464 1905 3524 stricte
1956 3477 2221 3550 sumpto
2272 3468 2523 3545 glossae

471 3544 778 3609 nomine:
837 3542 910 3605 in
947 3540 1252 3624 νομίμοις
1291 3544 1469 3606 enim
1516 3544 1983 3631 cuiuscumque
2020 3540 2521 3630 gentis'essent,

471 3631 620 3692 sive
665 3622 738 3691 ἐν
771 3629 912 3700 τοῖς
965 3624 1114 3709 περὶ
1151 3622 1410 3711 νόμων,
1466 3624 1678 3707 ἐθῶν,
1745 3634 1860 3693 vel
1912 3626 2138 3714 ἠθῶν,
2200 3635 2519 3711 instituta,

468 3714 686 3793 leges,
763 3720 832 3773 et
903 3710 1068 3775 ritus
1143 3708 1554 3775 diversorum
1620 3715 2019 3799 populorum
2080 3716 2517 3783 tradebantur.

473 3795 665 3877 Quae
695 3794 913 3859 omnia
948 3814 1080 3857 non
1113 3807 1421 3880 poterant
1451 3798 1709 3881 perfici,
1762 3801 1922 3883 quin
1964 3805 2293 3886 permulta
2320 3824 2522 3867 voca-

469 3882 626 3945 bula
677 3882 880 3961 vulgo
921 3880 1293 3960 incognita,
1354 3892 1423 3943 et
1481 3878 1564 3942 ad
1629 3883 1897 3949 eosdem
1954 3888 2119 3951 ritus
2176 3907 2517 3974 moresque

366 4020 372 4027 .
471 3965 870 4048 spectantia,
913 3966 1369 4045 glossematice
1392 3967 1903 4048 explicarentur.
1994 3970 2184 4035 Unde
2212 3974 2370 4035 satis
2398 3994 2517 4056 ap·-

345 4076 362 4096 =
465 4060 700 4135 paret,
743 4068 866 4115 nos
901 4070 1034 4114 non
1071 4061 1325 4115 temere
1352 4062 1421 4114 et
1444 4051 1821 4119 inconsulto
1848 4055 2207 4138 conficere,
2246 4056 2515 4121 'confuse
