2684 4767
577 279 1320 363 msszznra‘rm
1378 274 1845 363 cumea,
2098 284 2239 370 ,ὴὲ
2282 350 2293 365 ,

161 456 732 519 mosthenicorum
763 448 1285 529 enarrationem3
1330 471 1529 540 quam
1574 460 1803 516 tamen
1842 452 1971 517 nisi
1998 455 2237 520 lubens

163 541 618 627 amplectaris,
667 558 1006 623 nunquam
1047 538 1373 625 percipies
1416 558 1529 599 cur
1576 556 1665 599 ex
1694 538 1830 601 -hoc
1872 540 2020 603 loco
2060 538 2239 605 Ter-‘-

163 626 488 697 tullianus
541 624 858 703 colligere
911 624 1269 707 potuisset,
1324 634 1626 684 autorem
1682 634 1983 684 nostrum
2028 646 2239 705 argu-

161 710 444 773 monteri
505 706 838 771 Bacchum
910 704 1156 769 hedera
1222 718 1644 784 coronatum,
1706 704 1883 791 quod
1942 707 2235 783 hederae

163 806 398 857 natura
465 790 553 854 sit
603 794 686 855 ab
721 792 982 853 'heluco
1051 788 1401 853 defensare
1442 790 1805 853 cerebrum.
1850 852 1866 865 x
1896 792 2033 855 Sed
2089 814 2233 875 nec,

159 878 468 963 quamvis
495 878 674 939 hune
705 878 924 939 locum
949 876 1041 937 itu
1071 878 1383 938 restituas
1413 870 1589 957 apud
1619 872 2234 963 Harpocrationem‚

161 976 234 1024 et
265 956 668 1045 κιττοφόρος
717 958 962 1022 hedera
1003 958 1388 1023 redimitum
1434 960 1793 1039 significet,
1850 964 2062 1025 bonus
2113 963 2237 1025 ins

159 1050 261 1108 vir
302 1045 524 1109 adhuc
580 1066 666 1110 ex
701 1045 840 1107 illis
871 1044 1092 1107 verbis
1129 1046 1408 1129 probare
1440 1044 1699 1129 poterit*
1716 1043 2046 1111 Bacchum
2076 1048 2233 1111 ideo

160 1152 400 1193 corona
433 1132 798 1195 heder-acea
833 1140 1028 1212 caput
1057 1129 1268 1191 fuisse
1295 1126 1617 1205 cinetum,
1706 1128 1838 1193 uod
1864 1132 2235 1196 maximum

155 1215 454 1279 hederae
482 1218 570 1279 sit
597 1215 1028 1277 beneficium:
1076 1234 1223 1293 curn
1261 1216 1515 1277 utrovis
1544 1232 1653 1275 mo
1704 1233 1742 1276 ο
1782 1216 1997 1295 legas,
2045 1218 2234 1279 nulla

157 1302 284 1363 alia
351 1300 446 1363 sit
505 1299 754 1363 autoris
803 1296 1012 1360 nostri
1053 1298 1180 1361 hoc
1225 1298 1360 1361 loci
1408 1316 1633 1378 mens,
1695 1298 1999 1385 nihilque
2048 1296 2235 1365 aliud

155 1386 324 1449 velit
383 1404 586 1470 quam
661 1381 898 1467 docere
959 1378 1357 1466 κιττοφόρος
1408 1380 1579 1443 illud
1638 1380 2233 1457 Demosthenicum

157 1470 354 1533 scribi
387 1473 594 1533 e'tiam
619 1486 816 1553 posse
841 1486 962 1551 per
987 1465 1242 1552 duplex
1270 1480 1353 1533 σσ
1376 1462 1803 1549 κισσοφόρος,
1846 1467 2023 1553 quod
2048 1468 2229 1533 ideiu
2306 1476 2311 1487 '

157 1566 252 1618 est
298 1576 378 1616 ac
413 1555 630 1627 κίττος
669 1564 736 1613 et
773 1550 1028 1628 κίσσος,
1071 1552 1254 1615 κίττα
1285 1564 1353 1615 et
1396 1552 1610 1616 κίσσα.
1658 1552 1897 1637 quibus
1926 1552 2019 1615 ita
2056 1574 2225 1616 con-
2262 1560 2441 1636 (321)

153 1639 408 1702 stitutis
458 1638 618 1700 satis
660 1646 932 1721 apparet
956 1634 1373 1699 Tertulliano
1405 1656 1741 1735 nunquam
1765 1638 1891 1699 hoc
1924 1638 1998 1699 in
2024 1656 2231 1700 men-

153 1738 291 1788 tem
327 1724 626 1797 venisse,
661 1741 784 1783 nec
809 1716 1351 1805 Harpocrationis
1382 1732 1591 1783 nostri
1622 1721 2000 1785 testimonio
2033 1743 2231 1787 usum

159 1827 322 1873 esse.
425 1804 798 1869 Videamus
852 1826 1060 1881 nune,
1121 1826 1205 1867 an
1249 1804 1400 1869 fleri
1462 1805 1702 1889 possit,
1756 1817 1833 1867 ut:
1885 1804 2063 1869 idem
2106 1808 2228 1870 ille

155 1892 676 1975 Harpocration,
779 1889 850 1952 ui
897 1887 1072 1973 apud
1122 1890 1555 1953 Athenaeum
1618 1886 1701 1951 de
1758 1885 2087 1953 Placentis
2128 1892 2230 1954 li—
2280 1966 2287 1973 ο

157 1980 344 2039 hrum
375 1976 682 2059 reliquit,
790 1974 1025 2036 exicon
1057 1972 1234 2051 istud
1267 1972 1494 2037 decem
1524 1974 1865 2037 rhetorum
1908 1978 2228 2038 confece-
2380 1968 2391 1983 ’

153 2064 274 2138 rit,
323 2080 500 2145 quae
546 2070 647 2121 est
691 2059 891 2121 etiam
927 2058 1250 2143 praeclari
1289 2060 1473 2122 illius
1498 2058 1885 2141 interpretis
1914 2058 2229 2123 animati-⁴·

153 2148 380 2209 versio
419 2155 490 2206 et
513 2142 867 2206 sententia.
954 2140 1092 2221 Qui
1123 2140 1429 2208 laudatur
1458 2144 1539 2204 ab
1566 2142 1923 2207 Athenaeo
1952 2141 2226 2229 Harpo-

157 2230 446 2304 cration,
491 2241 646 2291 aute
689 2229 912 2311 ipsum
955 2228 1216 2304 floruit,
1279 2246 1435 2308 ergo
1480 2229 1671 2289 'nullo
1716 2226 2057 2291 affinitatis
2110 2238 2229 2292 aut

157 2312 670 2379 necessitudinis
719 2312 990 2385 uinculo
1049 2334 1198 2376 cum
1255 2325 1480 2375 nostro
1535 2312 1951 2392 coniungitur
1969 2336 1987 2387 ς
2044 2314 2225 2376 hune

157 2400 334 2461 enim
384 2416 508 2460 nos
547 2408 699 2481 post
751 2396 1180 2460 Athenaeum
1227 2398 1519 2477 viguisse
1559 2408 1698 2459 tam
1744 2406 1919 2459 certo
1982 2394 2225 2461 seimus

157 2504 298 2546 esse
323 2495 568 2546 verum
589 2527 605 2557 ,
650 2502 845 2564 quam
878 2500 1038 2561 vera
1072 2492 1172 2543 est
1201 2480 1344 2567 ipsa
1373 2481 1644 2544 veritas.
1688 2480 1969 2543 infinitis
2006 2480 2079 2543 in
2108 2483 2225 2542 lo-

161 2570 246 2629 cis
275 2580 590 2631 notarum
635 2566 762 2629 hoc
808 2586 842 2627 a
889 2566 1081 2627 nobis
1120 2566 1254 2627 iam
1291 2567 1641 2649 probatum
1676 2576 1777 2626 est
1806 2562 2226 2627 solidissimis

161 2652 604 2732 argumentis,
676 2670 844 2734 quae
923 2648 1151 2712 taedet
1221 2662 1547 2732 repetere.
1648 2648 1873 2713 Unum
1936 2660 2223 2729 tantum,

163 2736 328 2821 quod
364 2735 580 2800 instar
617 2736 916 2798 omnium
961 2752 1110 2797 esse
1151 2734 1431 2818 poterit,
1488 2736 1627 2798 iam
1682 2754 1875 2797 exem
1926 2734 1977 2796 li
2028 2751 2225 2797 ceusu

161 2823 532 2883 afferemus.
619 2817 846 2881 Utitur
895 2816 1376 2903 Harpocration
1435 2820 1791 2882 autoritate
1856 2756 2225 2895 Xthenaei,

159 2926 306 2985 ergo
341 2904 706 2967 Athenaeo
753 2904 1095 2990 posterior.
1141 2902 1472 2989 quomodo
1510 2902 1693 2967 enim
1730 2904 2119 2967 inferiorem
2148 2922 2222 2967 se

157 3001 458 3052 vocasset
485 2987 559 3050 in
582 2986 876 3051 testem?
921 3008 1070 3050 cum
1118 2988 1620 3073 net-,aequalem
1660 2990 1876 3049 ferme
1915 2999 1983 3049 et
2018 3006 2225 3050 coae—

157 3086 432 3137 taneum
467 3083 724 3157 posset,
786 3073 914 3135 nisi
949 3086 1150 3145 ¹caute
1199 3085 1267 3135 et
1312 3070 1681 3134 difficulter.
1780 3072 1993 3157 Atqui
2032 3073 2225 3133 inte-

157 3178 294 3237 gras
321 3154 657 3243 periodos,
701 3158 959 3238 integra
987 3160 1127 3219 cola
1163 3158 1481 3219 orationis
1508 3154 1883 3233 Athenaei,
1931 3158 2013 3217 ab
2039 3154 2227 3218 Har-

157 3243 538 3327 pocratione
609 3240 931 3327 descripta
988 3254 1176 3303 suntt
1233 3239 1565 3326 quomodo
1626 3242 1735 3303 vis
1803 3240 2005 3320 igitur
2074 3240 2225 3327 ipso‘

157 3326 512 3390 Athenaeo
555 3328 908 3411 superstite
955 3328 1174 3409 plagia
1217 3328 1381 3387 haec
1426 3328 1571 3388 sive
1614 3320 2095 3407 συνεμπτώσεις
2137 3329 2225 3388 ab

159 3408 680 3495 llarpocratione
726 3416 929 3472 factas
987 3410 1188 3474 esse?
1247 3408 1358 3471 adi
1406 3409 1491 3471 ad
1554 3412 1833 3473 verbum
1894 3410 2097 3485 Ναῒς.
2153 3418 2223 3487 et

158 3495 332 3575 leges
373 3496 660 3578 ipsamet
690 3493 1028 3557 Athenaei
1073 3498 1274 3557 verba
1306 3516 1343 3557 e
1380 3496 1551 3557 libro
1596 3493 2055 3557 decimotertio
2103 3492 2223 3557 di·-

159 3580 736 3663 puosophistarum
767 3580 1173 3665 deprompta.
1215 3580 1473 3641 Verum
1502 3578 1660 3664 quid
1694 3578 1943 3641 diutius
1980 3578 2063 3641 de
2092 3582 2223 3641 hoo

159 3663 490 3745 probando
537 3664 961 3727 laboramus?
1019 3666 1240 3728 omnia
1284 3675 1647 3726 scortorum
1695 3664 2219 3727 Atheniensium

161 3750 458 3825 nomina,
505 3749 724 3811 omnia
763 3750 1158 3833 populorum
1206 3768 1479 3829 genera,
1522 3768 1802 3833 quorum
1848 3748 1925 3809 fit
1962 3749 2219 3811 mentio

162 3832 326 3917 apud
362 3834 596 3909 illum,
641 3834 722 3899 ab
769 3834 1108 3897 Athenaei
1149 3836 1449 3895 sontibus
1498 3832 1775 3919 repetite
1815 3845 1993 3895 sunt.
2077 3830 2219 3895 Hoc

161 3934 285 3977 non
317 3917 588 3982 credent
613 3928 878 3981 tantum
918 3918 1051 3993 illi,
1095 3920 1330 4003 quibus
1373 3918 1579 3979 nulla·
1604 3915 1960 3979 intercedit
2008 3916 2217 3981 fami-
2250 3914 2438 4005 (322)

161 3998 400 4065 liaritas
432 4026 577 4077 cum
611 4003 720 4066 his
754 4004 1108 4066 autoribus.
1155 4002 1312 4064 vide
1335 4004 1538 4065 verba
1580 4004 2023 4084 λυκιουργεῖς,
2062 3997 2221 4082 κύμ-

162 4084 331 4165 βιον,
377 4083 732 4172 ἄνσίκυρα,
779 4082 1026 4171 ἀφύαι,
1067 4083 1383 4165 νάννιον,
1440 4082 1727 4171 oswium
1771 4082 2219 4171 φανοστράτη,
