2684 4767
437 209 599 324 184'
696 208 702 213 ’
1042 271 1052 282 -
1198 177 1805 296 manssAcl'«
1882 242 1889 253 ·

435 380 914 472 Σακεσφόροςῖ
967 382 1163 448 Certe
1209 351 1501 447 Sui-:lad
1520 382 1733 464 magis
1775 384 1983 454 miror
2022 385 2149 448 hoc
2188 380 2553 447 mendum

327 481 334 488 ’
436 473 816 550 retinuisse,
856 467 1034 556 quod
1064 471 1324 548 integra
1358 470 1756 531 enarratoris
1784 449 2307 554 Aristophanici
2328 461 2543 530 verba

229 788 419 870 (182)

423 560 705 630 habeat,
753 569 823 619 et
847 551 1139 618 maxime
1163 555 1399 616 voc'em
1434 553 1621 616 illam
1646 549 2097 636 Σακεσφόρος.
2142 551 2281 614 sed
2306 551 2557 614 mirari

441 641 712 718 desine,
759 661 908 702 cum
953 657 1109 700 enm
1135 639 1208 700 in
1241 639 1633 700 collectione
1664 659 1783 701 sua
1826 639 2001 701 nihil
2032 638 2164 699 nisi
2196 635 2553 705 advmti-

438 727 643 800 tium,
687 737 754 787 et
805 720 1151 786 hincinde
1196 719 1613 806 decerptum,
1660 725 1805 786 sine
1857 721 2123 785 delectu
2168 721 2559 805 complecti

457 805 730 874 cottidie
757 804 1205 892 deprehendo.
1291 805 1551 870 Verum
1584 829 1667 870 ne
1695 827 2073 872 emansores
2102 805 2351 881 simus,
2406 805 2555 866 imo

495 895 663 956 otius
699 895 944 955 multos
975 889 1263 976 parietes
1289 889 1535 953 deuna
1562 891 1783 955 fidelia
1823 891 2127 954 dealbare
2164 889 2553 974 possimus,

501 978 873 1040 interchum
911 979 992 1038 ab
1037 975 1284 1056 insigni
1325 974 1605 1054 mendo,
1652 975 1827 1060 quod
1868 973 2445 1039 absurdissimum
2479 973 2555 1034 in

415 1063 594 1124 'eius
622 1058 938 1143 Pelopida
967 1078 1236 1122 sensum
1267 1060 1589 1122 hactenus
1614 1061 1908 1146 peperit,
1952 1061 2023 1122 in
2050 1052 2351 1139 gratiam
2392 1067 2557 1118 stu·-

353 1187 359 1202 .
447 1145 786 1208 diosorum
839 1143 1292 1208 liberabimus.
1388 1141 1627 1207 Nullus
1676 1148 2007 1228 interpres
2042 1189 2059 1222 ,
2122 1143 2369 1206 nullus
2438 1139 2555 1225 qui

417 2317 902 2410 ,Ἐπικράτους
938 2323 1093 2390 ποτὲ
1143 2325 1622 2414 Σακεσφόρου,
1668 2328 1737 2390 id
1784 2344 1886 2391 est
1916 2327 2041 2391 bar

449 1230 913 1310 gravissimum
963 1231 1141 1290 hunc
1184 1240 1520 1290 auctorem
1580 1231 1745 1310 legit
1814 1233 2075 1309 (legunt
2112 1237 2355 1290 autem
2412 1245 2551 1288 non

449 1313 684 1398 pauci)
751 1307 964 1376 adhu‘c
1026 1311 1499 1375 animadvertit
1552 1311 2007 1398 stupiditatem
2060 1325 2131 1374 et
2179 1309 2555 1375 stolidita-

449 1410 588 1460 tem
637 1417 806 1482 quae
848 1410 1154 1461 versatur
1193 1399 1262 1459 in
1305 1396 1531 1463 verbis
1565 1419 1736 1482 quae
1776 1400 2089 1479 leguntur
2124 1398 2198 1458 in
2248 1395 2553 1476 Pelopi-

454 1480 558 1561 da,
603 1495 670 1544 et
697 1494 925 1544 tamen
971 1483 1193 1543 nullus
1227 1503 1313 1544 ex
1340 1483 1627 1568 antiquis
1660 1495 1885 1545 auctor
1912 1495 2030 1558 est,
2078 1483 2191 1565 qui
2236 1479 2549 1542 crebrius

449 1577 708 1630 teratur
735 1567 1061 1629 manibus.
1147 1563 1296 1628 Illic
1341 1567 1439 1628 ita
1480 1579 1619 1628 est:
1671 1561 1816 1631 ἀλλ’
1850 1564 2058 1633 ἔοικεν
2084 1559 2203 1648 οὐχ
2246 1559 2297 1647 ἦ
2338 1563 2549 1646 δωρο-

453 1651 648 1716 δοκία
700 1646 975 1730 μάλιστα
1025 1646 1393 1732 παροξύναι
1437 1647 1597 1727 τούς
1610 1645 2027 1736 Ἀθηναίους.
2080 1645 2547 1732 Ἐπικράτους

459 1738 635 1819 γοῦν
685 1732 841 1798 ποτὲ
873 1737 998 1799 τοῦ
1039 1731 1457 1820 σκευοφόρον
1498 1733 1658 1821 μήτε
1688 1732 2099 1820 ἀρνουμένου
2130 1735 2327 1819 δῶρα
2373 1731 2553 1816 δέξα-

457 1825 620 1885 σθαι
645 1815 824 1902 παρά
854 1817 1191 1899 Βασιλέως,
1242 1835 1365 1883 etc.
1453 1820 1791 1906 Interpres
1822 1821 2104 1885 Latinus
2135 1819 2319 1894 lixa,
2372 1817 2549 1882 Gal-

455 1905 628 1966 licus
662 1901 1016 1990 portefaix
1053 1917 1353 1984 vertunt,
1410 1908 1501 1969 ita
1538 1921 1615 1969 ut
1654 1909 1997 1968 hominem
2032 1903 2231 1967 nihili
2264 1917 2343 1967 et
2386 1905 2551 1986 infi-

457 2009 610 2052 mae
640 1989 873 2069 gentis,
902 1992 1082 2051 lixae
1115 1989 1330 2052 officio
1354 1995 1764 2070 fungentem,
1790 1991 2221 2071 demagogum
2245 1993 2549 2053 crearint

403 2096 412 2112 =
460 2073 955 2150 Athenienses,
1004 2085 1072 2134 et
1114 2073 1198 2134 ad
1236 2095 1457 2154 regem
1488 2075 1835 2138 Persarum
1875 2078 2163 2155 legatum
2180 2071 2545 2150 'miser-int,

459 2177 588 2238 quo
633 2154 786 2241 quid
835 2157 1188 2220 ridiculum
1231 2163 1443 2240 magis
1486 2172 1555 2221 et
1588 2181 1623 2222 a
1679 2180 1875 2221 sensu
1918 2162 2258 2222 communi
2306 2179 2547 2221 remo-

457 2239 592 2302 tius
623 2243 983 2320 excogitari
1029 2243 1273 2325 possit,
1317 2267 1451 2326 non
1480 2243 1700 2306 video.
1786 2244 1927 2324 Ego
1966 2267 2037 2306 re
2089 2266 2215 2304 ono
2246 2242 2545 2306 fidenter

2044 2266 2201 2392 gam
2220 2326 2544 2413 serentis

462 2417 533 2471 et
557 2407 822 2472 hirsuti.
856 2406 1060 2486 σάκος
1087 2414 1266 2476 enim
1297 2435 1417 2497 pro
1443 2417 1643 2478 barba
1669 2415 2003 2493 eleganter
2028 2411 2295 2478 dicitur.
2346 2411 2541 2475 Unde

323 2475 340 2496 ‘
369 2519 382 2530 ·
458 2495 534 2556 in
559 2497 1030 2580 epigrammate
1059 2493 1430 2576 Hegesand.
1456 2499 1773 2561 adversus
1804 2495 2285 2560 Grammaticos
2332 2520 2545 2578 gran-

463 2576 758 2642 dioribns
807 2582 1147 2643 vocabulis
1179 2595 1523 2646 constante
1575 2579 2193 2666 σακογενειοτρόφοι
2222 2581 2542 2646 dicuntur

463 2683 501 2724 a
534 2665 728 2724 barba
759 2675 828 2752 et
860 2685 1174 2744 genarum
1205 2668 1359 2750 pilis
1394 2669 1965 2744 eminentior-ihm,
1995 2665 2545 2732 manticobarbi-

467 2745 694 2824 colae,
741 2759 818 2808 ut
863 2748 1306 2812 eruditissime
1348 2753 1548 2814 vertit
1578 2773 1855 2833 magnus
1888 2751 2201 2832 Scaliger.
2255 2754 2541 2815 Aristo-⁴

462 2830 722 2912 phanes
753 2829 1181 2896 Concionant.
1245 2831 1389 2899 ἀλλ’
1427 2834 1689 2918 ἐπείγου
1733 2833 1953 2900 ἅπασα
1989 2837 2101 2900 καὶ
2125 2837 2305 2919 μίσει
2336 2833 2540 2902 σάκον

357 2949 368 2962 ·
463 2910 632 2996 πρός
656 2919 808 2979 ταῖν
837 2912 1120 2999 γνάθοιν
1145 2916 1397 3001 ἔχουσα.
1446 2919 1666 2983 Schol.
1715 2919 1921 2986 σάκον
1946 2916 2069 2986 ’τὸν
2104 2918 2404 3005 πώγωνα
2444 2916 2537 2984 λέ·

463 3013 579 3082 γεω
665 2999 875 3082 Igitur
921 2997 1362 3084 Ἐπικράτους
1413 3001 1833 3090 σακεσφόρου
1882 3011 2219 3086 eleganter
2261 3009 2536 3080 dicetur,

466 3095 535 3145 et
567 3107 702 3146 non
743 3089 1003 3148 turbato
1041 3089 1360 3153 historiae
1398 3108 1615 3152 sensu.
1692 3091 1837 3155 Nec
1878 3103 1979 3153 est
2015 3091 2187 3174 quod
2216 3095 2371 3177 quis
2399 3093 2537 3152 vim

465 3171 686 3230 facere
731 3167 967 3232 debeat
991 3171 1062 3232 in
1096 3167 1411 3236 adverbio
1440 3171 1627 3251 ποτὲ,
1672 3197 1823 3238 nam
1859 3199 1989 3238 non
2022 3199 2172 3240 cum
2222 3199 2393 3240 voce
2422 3191 2535 3240 σα·-

251 3231 436 3325 (183)
475 3249 830 3337 κεσφόρον,
881 3255 998 3318 sed
1025 3279 1172 3320 cum
1203 3261 1475 3343 reliquis
1500 3272 1600 3322 est
1626 3259 2179 3339 coniungendum.

298 3335 420 3400 164

301 3591 422 3658 165

640 3339 792 3418 Peg.
831 3344 973 3406 119.
1019 3341 1066 3402 l.
1103 3349 1202 3408 13.
1248 3341 1429 3406 Haec
1452 3341 1838 3408 ‘addidimus
1878 3367 1964 3408 ex
1990 3344 2162 3422 ⁸Cod.
2194 3345 2352 3410 Fed.
2380 3345 2534 3408 Μυ-

473 3425 642 3486 relli.
743 3421 1162 3508 Ἀγαμέμνων
1187 3425 1290 3497 ,δὲ
1315 3425 1714 3512 δυσχεράνας
1760 3431 1949 3512 δίκην
1990 3427 2111 3494 τόν
2154 3425 2536 3515 ἁρπάσαντα

475 3503 749 3594 ἀναιρεῖ,
797 3530 964 3595 quae
995 3533 1034 3574 a
1074 3509 1317 3574 Suidae
1360 3516 1750 3578 collectione
1778 3519 1980 3577 etiam
2014 3537 2151 3578 non
2188 3521 2449 3578 absunt.

645 3593 796 3673 Peg.
836 3600 978 3661 119.
1020 3599 1066 3658 l.
1105 3605 1208 3663 21.
1256 3595 1645 3662 Laudantur
1690 3601 2027 3676 Δαιταλεῖς
2062 3597 2531 3686 Aristophanis

467 3677 576 3739 hic
609 3690 677 3739 et
703 3698 898 3764 supra
942 3701 1106 3745 voce
1147 3676 1492 3747 Ἀλίπεδον
1532 3696 1601 3745 et
1636 3685 1709 3746 in
1736 3689 1933 3768 θῆτες
1960 3687 2153 3748 infra.
2216 3685 2391 3748 Male
2416 3701 2529 3744 nos

471 3764 544 3824 in
604 3757 920 3826 άλίπεδον
985 3769 1369 3850 putavimus
1444 3789 1594 3830 cum
1654 3771 2133 3854 interpretibus
2178 3771 2531 3840 ,Δαιταλεῖς

474 3849 789 3928 convivas
817 3867 978 3911 esse.
1063 3848 1211 3912 Imo
1245 3851 1465 3935 potius
1492 3853 1755 3916 Atticae
1793 3857 2081 3940 populus
2128 3849 2241 3918 h'ic
2268 3855 2405 3928 est.
2450 3849 2529 3913 de

473 3953 604 4014 qno
648 3933 1037 3996 nominatim
1083 3933 1381 3997 Galenus
1426 3937 1499 3996 in
1547 3942 1823 4022 praefat.
1874 3937 2254 4024 Hippocrat.
2302 3935 2529 4004 Lexici

475 4027 546 4116 et
579 4013 800 4078 schol.
841 4013 1090 4082 Comici
1129 4017 1214 4082 ed
1251 4019 1494 4084 Nubes.
1594 4021 2095 4087 Eruditissimus
2156 4023 2527 4089 Nunnesius
