2684 4767
447 322 537 391 so
642 266 650 273 ’
725 390 732 401 ,
875 266 884 278 ’
1210 302 1846 385 ΜΑυεεΑοι,

448 470 565 540 καὶ
619 468 890 545 δίκαιος.
949 463 1021 532 ἐκ
1073 459 1320 531 τούτου
1370 464 1620 549 γίνεται
1676 458 2084 547 δικαιοθῦνη.
2185 458 2409 539 Unde,
2468 464 2543 528 si

447 572 609 623 vere
656 558 822 618 haee
863 553 1030 629 siut,
1085 564 1156 614 et
1191 554 1365 614 hanc
1411 549 1818 631 grammatici
1868 552 2160 630 regulam
2201 546 2543 611 admitta-

446 660 628 717 mus,
689 638 1313 703 Iurisconsultorum
1376 636 1543 698 iuris
1606 656 1642 696 a
1686 634 1947 697 iustitia
1976 634 2320 713 ‘originem
2385 654 2539 695 non

449 726 955 807 etymologiam,
1005 718 1123 782 sed
1168 719 1392 806 potius
1434 718 1919 781 derivationem
1964 738 2111 781 esse
2154 730 2327 779 recte
2370 720 2539 779 col·-

447 811 494 873 li
541 830 654 870 ere
684 810 936 881 licebit,
985 817 1050 867 et
1079 808 1252 867 male
1287 806 1549 868 δίκαιον
1576 824 1612 864 a
1638 796 2058 885 δικαιοσύνη,
2104 804 2239 864 imo
2272 802 2531 866 δικαιο...

447 909 614 977 συνη
647 914 684 955 a
721 890 984 957 δίκαιον
1013 889 1172 952 oriri
1207 887 1513 951 debebit:
1558 910 1703 950 cum
1738 883 2124 971 δικαιοσύνη
2160 885 2535 952 descendat

446 1000 484 1043 a
515 978 806 1054 δίκαιον,
854 976 1114 1040 δίκαιον
1139 995 1172 1034 a
1209 974 1379 1056 δίκη,
1423 969 1601 1057 παρὰ
1622 968 1697 1037 vd
1724 974 1883 1055 ἂίχω
1908 970 1984 1037 τὸ
2004 964 2249 1055 ’διχᾰζω
2271 990 2286 1005 ·
2330 972 2527 1034 cuius

229 1064 414 1149 (346)
453 1065 852 1143 etymologia
900 1055 1077 1142 παρά
1119 1052 1194 1122 vd
1241 1052 1583 1141 δύο-ἔχειν
1620 1056 1983 1151 deducitur.
2072 1056 2201 1120 Sed
2242 1055 2527 1119 nimiam

447 1146 753 1209 redolent
783 1148 946 1207 haec
976 1142 1196 1206 omnia
1232 1144 1810 1223 grammaticorum
1837 1154 2185 1205 ventosam
2225 1140 2527 1219 garruli-

440 1244 646 1293 tatem
675 1279 691 1307 ‚
749 1252 945 1313 quam
985 1227 1359 1312 Iurisperiti
1396 1236 1613 1289 'rerum
1662 1229 1883 1308 potius
1922 1248 2115 1309 quam
2154 1227 2523 1287 verborum

439 1314 888 1403 ponderibus,
949 1312 1352 1391 originibus,
1424 1324 1491 1373 et
1545 1312 1779 1390 litigiis
1834 1311 2297 1381 inhaerentes,
2354 1307 2517 1369 odio

487 1403 786 1483 lusquam
817 1398 1180 1459 Vatiniana
1211 1408 1719 1480 prosequuntur.
1761 1392 2205 1457 Transeamus
2239 1391 2322 1455 ad
2354 1392 2515 1455 alia.

437 1422 762 1567 guperius
783 1481 1088 1546 *diximus
1135 1482 1332 1541 verba
1376 1483 1487 1541 vel
1528 1479 1832 1563 proprie,
1876 1482 1988 1542 vel
2032 1480 2309 1559 figurate
2338 1498 2518 1538 con-

439 1568 734 1630 sidet-ari.
783 1563 865 1628 de
911 1564 1134 1628 verbis
1167 1564 1370 1642 ἰδίως,
1416 1566 1561 1627 sive
1596 1566 1860 1647 proprie
1890 1562 2321 1625 consideratis
2353 1564 2517 1641 egi-

437 1673 622 1725 mus,
686 1672 858 1713 nuuc
913 1649 994 1711 ad
1059 1652 1386 1731 τροπικῶς
1430 1643 1847 1730 ἐξεταζόμενα
1890 1650 2259 1711 veniamus.
2360 1642 2513 1708 H'ue

437 1738 778 1822 pertinent
807 1737 1098 1817 glossae,
1145 1733 1493 1814 glossaria,
1536 1730 1765 1810 λέξεις,
1810 1732 2095 1810 Lexica,
2138 1730 2511 1811 παροιμίαι,

437 1832 505 1883 et
533 1822 782 1904 reliqua
811 1818 1107 1881 eiusdem
1137 1820 1417 1898 generis.
1503 1817 1605 1880 De
1649 1819 2003 1901 paroemiis
2046 1818 2214 1879 nihil
2244 1818 2351 1877 hic
2384 1834 2509 1876 nos

435 1904 882 1987 proferemus,
937 1924 1084 1965 cum
1132 1902 1393 1965 abunde
1434 1904 1566 1966 iam
1612 1900 1695 1963 de
1732 1902 1837 1964 his
1882 1900 2319 1985 disputaverit
2345 1900 2511 1961 An·-

438 1986 628 2051 dreas
676 1986 1021 2061 schottus,
1063 1990 1172 2051 vir
1201 1988 1647 2061 fflictissimus,
1693 1987 1766 2048 in
1806 1988 2145 2073 prooemio
2176 1983 2258 2047 ad
2286 1981 2513 2046 Grae-

365 2074 376 2091 ‘
437 2094 660 2136 corum
707 2073 1088 2155 proverbia,
1147 2092 1316 2157 quae
1366 2070 1617 2153 pridem
1665 2074 1885 2133 emisit
1947 2074 2019 2133 in
2073 2073 2306 2133 lucem.
2398 2064 2505 2129 De

433 2154 704 2221 Lexicis
735 2160 1026 2221 maxime
1067 2158 1476 2240 propositum
1515 2155 1702 2218 nobis
1750 2168 1854 2219 est
1892 2156 2111 2239 loqui,
2158 2155 2309 2239 quia
2346 2146 2503 2217 τού-

433 2262 569 2305 των
595 2236 788 2324 χάριν
821 2255 1194 2327 susceptam
1230 2243 1435 2303 suisse
1480 2238 2013 2302 dissertationem
2050 2240 2221 2299 hanc
2258 2256 2503 2317 negare

235 2390 240 2394 ,
309 2370 316 2376 -
435 2346 568 2387 non
613 2335 982 2408 possumus.
1071 2325 1156 2388 Et
1199 2346 1282 2386 ne
1341 2326 1399 2387 si
1436 2324 1683 2395 diutius
1733 2326 1802 2385 in
1862 2326 2009 2388 aliis
2046 2324 2500 2401 immoremur,

257 2416 383 2481 387
435 2428 780 2473 servorum
847 2430 1033 2473 more
1084 2405 1164 2474 τοὶ
1231 2404 1452 2473 κύκλα)
1515 2406 1725 2491 λέγειν
1774 2409 1888 2474 καὶ
1959 2401 2503 2491 προοιμιάζεσθαι

429 2494 811 2569 videamur,
859 2516 988 2556 non
1022 2508 1242 2557 autem
1272 2491 1355 2559 τά
1396 2474 1467 2558 ἔν
1509 2490 1835 2577 πράγματι
1878 2496 2247 2577 explicare:
2292 2510 2497 2574 prae-

431 2581 652 2642 missis
699 2578 1084 2663 quibusdam
1133 2598 1300 2663 quae
1356 2581 1719 2665 praeterire
1758 2600 1888 2641 non
1928 2592 2105 2640 esset
2148 2582 2281 2655 fas,
2344 2596 2499 2639 cum

431 2663 514 2725 ad
556 2684 692 2725 rem
729 2666 1009 2737 faciant,
1070 2666 1417 2726 veniemus
1472 2666 1695 2727 statim
1759 2664 1839 2725 ad
1890 2662 2353 2725 tractationem
2408 2658 2495 2721 de

427 2744 738 2826 Lexicis,
785 2768 1145 2829 eorumque
1173 2750 1635 2810 inventoribus
1664 2762 1731 2811 et
1756 2749 2253 2832 compositione.
2343 2744 2497 2809 Non

325 2838 338 2853 ⁹
425 2832 762 2893 immerito
819 2832 1188 2895 dubitatum
1228 2834 1357 2895 fuit
1396 2834 1574 2896 inter
1611 2836 1925 2911 solertes,
1989 2844 2057 2894 et
2104 2831 2494 2917 praecipuos

316 2964 320 2968 .
423 2918 497 2978 in
547 2916 876 3001 republica
915 2918 1208 2979 literaria
1252 2918 1464 2987 viros,
1514 2938 1597 2979 an
1638 2918 1905 2997 longum
1954 2915 2493 2978 constituendum

427 3014 602 3063 esset
645 3000 992 3063 discrimen
1039 3001 1218 3062 inter
1265 3004 1513 3080 glossas
1568 3012 1637 3063 et
1688 3000 1973 3079 Lexica,
2030 3000 2181 3063 aliis
2222 2998 2491 3084 quidem

422 3084 588 3148 haec
615 3087 791 3149 inter
814 3104 884 3147 se
915 3084 1506 3163 distinguentibus,
1552 3088 1701 3149 aliis
1739 3106 1897 3148 vero
1932 3083 2489 3147 confundentibus

424 3181 492 3231 et
511 3170 1082 3256 permiscentibus.
1131 3168 1629 3232 Eruditissimus
1646 3166 2071 3233 casaubonus
2097 3190 2236 3253 cap.
2258 3184 2350 3230 vt.
2368 3170 2482 3231 lib.

421 3273 520 3314 ω.
581 3252 1231 3317 animadversionum
1301 3254 1375 3315 in
1446 3254 1908 3333 Athenaeum,
1979 3255 2157 3315 inter
2213 3252 2484 3333 glossas,

421 3358 832 3427 quocumque
879 3338 1078 3401 modo
1129 3348 1505 3423 compactae
1544 3352 1801 3408 essent.
1852 3352 1920 3402 et
1962 3337 2207 3401 Lexiea
2252 3356 2487 3421 parum

421 3434 536 3483 aut
571 3423 740 3485 nihil
779 3422 1174 3486 discriminis
1209 3423 1611 3485 constituere
1648 3422 1937 3487 videtur.
2026 3423 2247 3486 Autor
2275 3423 2487 3504 Poly-

205 3504 392 3590 (347)
429 3508 726 3569 mathiae
755 3528 890 3593 cap.
924 3528 1018 3569 rx.
1051 3528 1138 3569 ex
1177 3504 1455 3569 adverso
1484 3504 1733 3571 Lexica
1760 3508 2024 3593 quidvis
2052 3506 2231 3569 aliud
2262 3510 2483 3591 potius

463 3610 616 3653 uam
651 3593 895 3671 glossas
923 3590 1096 3675 apud
1123 3594 1429 3676 antiquos
1456 3591 1627 3655 dicte
1662 3594 1868 3655 fuisse
1898 3595 2177 3677 probare
2208 3603 2487 3653 conten-

326 3678 339 3684 “
420 3612 536 3739 dit.
621 3674 756 3738 Nos
787 3672 1155 3738 erciscundi
1181 3686 1247 3737 et·
1273 3674 1561 3739 mediam
1590 3676 1919 3761 quandam
1948 3679 2125 3739 viam
2152 3688 2480 3754 tenentes,

419 3780 555 3822 non
583 3758 762 3821 idem
789 3758 1058 3845 quidem
1085 3762 1353 3843 proprie
1380 3779 1524 3822 esse
1557 3758 1805 3823 Lexica
1838 3775 1905 3824 et
1932 3765 2178 3842 glossas
2210 3760 2479 3822 demon-

418 3845 770 3906 strabimus
790 3890 803 3910 .
853 3844 968 3907 sed
993 3848 1517 3926 καταχρηστικῶς
1548 3843 1796 3908 Lexica
1828 3848 2076 3927 glossas
2106 3864 2299 3929 posse
2328 3844 2476 3922 dici,

416 3930 528 3989 vel
561 3946 596 3988 e
630 3948 946 3991 converso
968 3930 1216 4008 glossas
1231 3927 1587 4004 Lexica‚et
1620 3934 1741 3992 sub
1769 3932 2062 4010 generali
2078 3928 2479 3993 Lexicorum

413 4012 684 4075 nomine
713 4016 934 4076 omnia
964 4034 1158 4097 posse
1185 4012 1659 4096 comprehendi
1688 4027 1825 4079 tam
1866 4028 2045 4078 certo
2074 4014 2477 4089 docebimus,

413 4108 488 4160 ut
537 4096 618 4159 de
664 4097 772 4159 his
813 4118 946 4161 non
991 4101 1200 4179 magis
1253 4096 1557 4169 dubitare
1598 4100 2035 4187 imposterum
2078 4100 2229 4185 quis
2268 4100 2479 4185 possit
