2684 4767
519 266 1277 391 mssnauno
1321 322 1787 393 cn1r1cA.
1910 331 1920 345 ·
2096 336 2181 399 σε

89 469 546 557 συνωνύμως.
593 472 734 541 'Ita
775 472 1174 541 Simareste's
1234 478 1503 561 quidam
1546 480 1750 543 libros
1784 478 1931 563 περὶ
1972 484 2177 547 συναί-

89 556 328 641 νύμων
383 574 866 643 composuerat.
963 558 1142 625 Hinc
1193 564 1397 629 etiam
1436 560 2181 649 Dionysii-Sinopensis

83 644 236 735 :soi
282 638 674 791 ‹ipovtissmv
711 656 1029 709 tractatus
1085 642 1260 729 apud
1306 646 1665 729 Ulpianum
1700 644 2176 713 Demosthenis

87 724 438 811 ἐξηγητὴν.
593 728 835 813 enique
883 740 1072 792 tanto
1121 732 1196 793 in
1257 734 1473 814 pretio
1530 730 1757 795 habita
1818 734 1949 795 suit
2009 734 2175 798 haec

89 812 518 877 nobilissima
559 832 710 897 pars
745 808 1254 895 Grammaticae,
1301 828 1373 875 ut
1420 816 1721 879 omnium
1750 816 2173 882 scientiarum

91 897 580 961 solidissimum
647 893 1196 976 fundamentum,
1272 900 1715 983 quorumlibet
1780 900 2171 984 scriptorum

89 978 388 1065 βάσανος
418 978 595 1043 dicta
622 980 732 1043 sit.
771 1002 906 1043 non
937 981 1118 1045 enim
1157 994 1417 1046 tantum
1446 982 1793 1051 immorata
1816 988 1931 1049 'est
1972 997 2049 1049 ut
2086 988 2169 1049 ab

83 1067 330 1142 initio,
365 1066 464 1141 ‚in
508 1062 933 1130 secernendis
987 1075 1056 1127 et
1109 1062 1595 1146 distinguendis
1638 1068 2058 1153 antiquorum
2101 1082 2169 1137 et

81 1150 546 1213 recentiorum
589 1148 896 1233 operibus
933 1148 1252 1227 legitimis
1297 1172 1373 1213 ac
1422 1152 1693 1233 spuriis,
1738 1154 2057 1233 stylorum
2096 1166 2167 1219 et

83 1236 552 1296 characterum
579 1230 1117 1296 dissimilitudine
1143 1232 1613 1314 dignoscenda,
1656 1236 1773 1298 sed
1800 1248 1866 1300 et
1893 1230 2175 1303 modum'

83 1342 156 1381 ac
201 1338 524 1379 normam
563 1314 870 1395 tradidit,
915 1334 1074 1401 qua,
1118 1340 1288 1402 quae
1331 1318 1503 1401 apud
1550 1330 1813 1383 autores
1860 1333 2165 1405 conrupta

83 1417 150 1465 et
183 1422 342 1467 non
379 1420 536 1463 sana
583 1401 1034 1486 reperiuntur,
1078 1400 1399 1465 divinitus
1438 1403 1819 1481 restituere,
1864 1424 2161 1490 quaeque

83 1490 377 1549 obscura
427 1482 736 1547 videntur
783 1505 906 1547 nec
951 1485 1200 1571 percipi
1249 1500 1563 1569 possunt,
1608 1506 1913 1551 enarrare
1961 1506 2036 1551 ac
2066 1488 2163 1549 il..

81 1572 420 1649 lustrare,
475 1566 718 1631 docuit.
804 1566 996 1631 Unde
1049 1582 1152 1631 tot
1193 1571 1495 1655 tantique
1544 1572 1673 1633 orti
1731 1571 2000 1637 suntin
2042 1572 2161 1635 illa

81 1654 382 1729 aemuli,
427 1662 530 1715 tot
567 1652 1074 1735 praeclarissimi
1115 1654 1353 1719 heroes
1386 1657 1499 1737 qui
1532 1656 1702 1718 hanc
1742 1657 2164 1721 nascentibus

83 1752 150 1801 et
175 1738 692 1815 renascentibus
721 1736 998 1799 saeculis
1025 1740 1495 1815 excoluerunt,
1542 1740 1721 1802 nulla
1753 1753 1931 1803 aetas
1950 1788 1967 1817 ,
2013 1742 2159 1803 nul.

81 1826 226 1885 lum
259 1822 608 1885 saeculum
636 1822 932 1903 elapsum
965 1833 1102 1891 est.
1147 1824 1218 1885 in
1253 1826 1381 1907 quo
1421 1824 1579 1885 licet
1612 1824 1889 1887 barbaro
1930 1836 1999 1889 et
2040 1824 2162 1887 in·-

83 1910 316 1985 culto,
375 1925 511 1969 non
555 1906 904 1967 floruerint
949 1904 1216 1989 quidam
1263 1927 1350 1969 ex
1396 1904 1791 1977 Criticorum
1824 1908 2017 1971 filiis:
2076 1922 2155 1971 ut
2188 1914 2369 1999 (381)

81 1994 274 2055 enim
313 2009 484 2073 quae
505 2000 657 2053 ante
686 1990 852 2051 hanc
883 2002 1174 2053 nostram
1205 2001 1485 2057 aetatem
1518 1992 1704 2055 mille
1728 2012 1765 2056 a
1791 2004 1967 2055 retro
1995 2012 2159 2055 see-

83 2078 260 2137 culis
317 2084 460 2137 acta
507 2085 664 2135 sunt
707 2094 839 2135 non
893 2090 1401 2157 persequamur,
1453 2087 1529 2138 ut
1564 2076 1863 2141 infinitos
1906 2096 2153 2160 eosque

79 2162 394 2221 illustres
440 2152 750 2235 Criticos,
851 2159 922 2221 ui
965 2156 1046 2239 (si
1090 2169 1389 2241 tempora
1439 2161 1733 2243 excipias
1778 2145 2153 2245 circakjuae

85 2242 336 2321 Gothi,
377 2239 740 2319 Visigothi,
784 2262 818 2303 a
847 2242 1082 2326 iaeque
1115 2244 1428 2311 barbarae
1458 2246 1759 2309 nationes
1786 2244 1859 2307 in
1888 2240 2155 2309 Italiam

79 2332 434 2413 irrupere,
505 2326 854 2410 omniaque
911 2324 1449 2410 praedationibus
1512 2349 1585 2391 ac
1636 2330 1797 2391 seris
1854 2328 2152 2393 moribus

83 2409 485 2489 vastavere)
529 2409 758 2473 ordine
792 2410 1120 2476 recenseri
1147 2424 1426 2499 possunt
1456 2414 1535 2475 ab
1576 2414 1723 2498 ipso
1762 2432 1893 2499 quo
1922 2412 2154 2475 floruit

81 2495 502 2559 Aristoteles
565 2506 898 2579 tempore,
957 2517 1095 2557 non
1141 2500 1535 2576 referamus3
1593 2508 1753 2581 quot
1794 2496 2153 2579 quantique

85 2593 362 2643 centnm
401 2578 866 2643 abhinc‘annis
905 2580 1222 2646 exstitere
1261 2581 1813 2665 praestantissimi
1840 2580 1993 2657 viri,
2034 2578 2151 2663 qui

85 2678 160 2727 et
209 2662 560 2741 criticam,
621 2682 788 2747 quae
849 2684 1022 2750 pene
1085 2666 1381 2731 barbarie
1435 2665 1831 2730 incultarum
1883 2662 2151 2727 illarum

87 2748 396 2829 gentium
453 2749 782 2830 perierat,
839 2750 1271 2814 restituerunt
1323 2762 1394 2810 et
1448 2748 1519 2811 in
1580 2769 1657 2811 ea
1718 2744 2151 2813 excelluere?

89 2832 282 2911 Quot
325 2833 688 2895 etiamnum
717 2830 936 2897 -hodie
996 2844 1260 2899 exstant
1318 2834 1433 2915 qui
1472 2830 1707 2897 sedulo
1740 2833 1843 2897 illi
1880 2832 2154 2898 incum-

89 2920 258 2979 bunt
277 2963 298 2993 ‚
357 2930 430 2979 et
469 2916 901 3001 imposterum
933 2917 1180 2983 litteris
1219 2940 1295 2980 ac
1343 2918 1633 2981 scientiis
1674 2918 1747 2981 in
1796 2916 2151 3001 pristinum

87 3005 380 3063 nitorem
419 3020 494 3063 ac
539 2998 960 3087 splendorem
1011 3000 1334 3068 restitutis
1384 3002 1767 3067 incumbent
1806 3000 2041 3065 maiori
2083 3010 2153 3063 et

89 3086 402 3149 alacriori
425 3086 666 3153 animo.
754 3085 1080 3151 Nimirum
1115 3086 1258 3152 hoc,
1283 3088 1487 3149 habet
1526 3089 1597 3151 in
1644 3106 1715 3149 se
1758 3082 2029 3161 Critica,
2074 3092 2153 3147 ut

91 3193 222 3254 quo
262 3172 419 3255 plus
449 3172 526 3233 in
553 3170 668 3231 illa
707 3172 854 3253 quis
881 3170 1274 3255 profecerit,
1313 3171 1595 3255 maiores
1632 3171 1871 3235 animis
1906 3170 2150 3231 amoris

91 3256 192 3317 sui
225 3252 548 3318 accendat
567 3254 912 3333 igniculos,
945 3266 1014 3317 et
1035 3254 1338 3319 stimulos
1368 3254 1560 3317 addat
1594 3250 2145 3325 vehementiores,

93 3338 170 3401 ad
197 3337 644 3403 exantlandos
679 3340 970 3417 labores,
1015 3350 1084 3401 et
1123 3338 1555 3423 perferendas
1578 3339 1841 3419 vigilias
1880 3346 1949 3399 et
1988 3356 2148 3397 mo·-

91 3425 319 3486 lestias
353 3442 518 3506 quas
545 3422 764 3493 subire
793 3424 984 3487 illum
1017 3420 1284 3487 necesse
1313 3436 1417 3484 est
1446 3424 1557 3507 qui
1586 3426 1707 3487 snb
1731 3422 1883 3485 eius
1906 3418 2148 3483 militia

89 3506 334 3571 mereri
385 3508 546 3573 vult.
631 3504 934 3571 Tandem
985 3518 1062 3569 ut
1107 3528 1275 3592 quae
1321 3506 1407 3570 de
1452 3508 1593 3571 eius
1633 3504 1937 3571 leudibus
1976 3502 2149 3569 mihi

91 3588 368 3655 dicenda
400 3592 752 3679 proposui,
793 3594 866 3657 in
897 3612 1104 3675 pauca
1138 3593 1549 3658 contraham:
1592 3588 1759 3654 h'aec
1800 3590 2017 3655 unica.
2044 3596 2147 3653 est

93 3698 258 3761 quae
287 3676 464 3738 culta
491 3676 688 3741 efficit
715 3676 1001 3756 ingenia.
1047 3697 1212 3761 quae
1237 3675 1318 3740 ad
1345 3674 1825 3755 Polymathiam
1849 3692 1971 3737 nos
1992 3692 2147 3737 ma·-

93 3784 172 3823 nu
203 3762 580 3845 prehensos
607 3776 785 3826 recta
815 3760 1022 3839 ducit,
1065 3762 1377 3845 viamque
1422 3760 1608 3823 nobis
1632 3772 1821 3845 operat
1852 3779 1925 3821 ac
1958 3775 2148 3837 gres·-

93 3867 195 3909 sus
227 3844 466 3925 dirigit
489 3843 574 3905 ad
610 3866 842 3909 omnes
885 3845 1192 3914 scientias
1229 3848 1521 3929 perfecte
1562 3856 1629 3907 et
1668 3841 1877 3907 solide
1917 3838 2152 3925 acqui-r

91 3928 352 4005 tendas.
443 3928 614 3995 Nam
661 3932 892 3995 amabo
934 3941 1003 3993 te
1035 3931 1363 4015 quomodo
1390 3948 1613 4015 speras
1642 3940 1711 3993 te
1738 3928 1813 3992 in
1841 3944 2151 4006 magnum

93 4014 581 4099 Philosophum
610 4034 996 4091 evasurum,
1045 4016 1172 4081 nisi
1201 4014 1438 4077 Critica
1468 4014 1651 4113 prius
1678 4012 1968 4081 imbutus
1990 4014 2151 4073 fue-

98 4102 224 4179 ris,
269 4114 344 4163 et
390 4099 782 4168 criticorum
825 4100 1124 4183 vestigiis
1163 4101 2003 4182 inhaesorns,.semperquo
2033 4094 2151 4155 in-
