2684 4767
645 302 1539 426 A'Nuo‘rarlouas.
1810 437 1815 440 ,
1997 369 2129 434 211-

100 511 358 596 puriores
384 511 686 578 citantur.
752 512 1039 578 Viderat
1066 525 1222 578 aute
1251 535 1374 580 nos
1406 515 1897 602 corruptionem
1924 517 2133 588 huius

101 599 321 662 fabulae
347 597 758 682 Sophocleae
787 611 860 664 et
901 602 1257 680 fragmenti
1290 599 1715 667 casaubonus
1750 624 1891 688 cap.
1916 610 1977 671 4.
2012 605 2127 673 lib.

101 691 150 750 7.
173 694 232 744 et
252 703 382 766 cap.
413 691 472 752 6.
507 684 624 746 lib.
666 692 766 752 18.
799 683 1240 748 animadvers.
1270 686 1342 750 in
1369 687 1621 750 Athen.
1667 699 1739 756 et
1768 689 1840 751 in
1866 686 2133 752 adden-

102 767 208 830 dis:
255 765 366 830 sed
407 767 904 848 incogitantiam
951 780 1020 832 et
1065 770 1357 836 erroren‘i
1406 767 1943 855 Harpocrationis
1992 795 2132 838 nen

101 851 604 936 deprehenderat,
666 853 798 917 uod
825 855 1058 918 mirari
1079 857 1347 940 saepius
1380 857 1605 919 subiit.
1642 855 1927 944 Reliqua
1958 877 2131 944 quae

103 957 168 998 cx
200 937 573 1020 Antiphane
617 876 698 1000 de
727 937 990 1002 Nannio
1029 943 1408 1003 referuntur
1442 941 1791 1006 verissima
1820 955 2009 1015 sunt,
2056 951 2131 1006 et

101 1021 268 1102 petita
303 1043 387 1084 ex
421 1019 659 1086 eodem
699 1027 904 1088 fonte.
988 1021 1169 1088 Vide
1197 1025 1589 1088 nominatim
1632 1027 1849 1090 locum
1874 1025 2130 1091 Athen.

99 1103 451 1184 indicatum3
497 1126 654 1173 nam
678 1120 947 1194 tempus
980 1120 1081 1171 est
1121 1119 1198 1170 ut
1229 1110 1591 1190 cogitemus
1618 1108 1699 1173 de
1723 1109 2135 1194 perficiendo

97 1189 194 1250 hoc
218 1211 406 1273 opere
439 1202 507 1252 et
529 1193 780 1270 labore,
809 1213 1008 1278 quem
1033 1193 1302 1258 cottidie
1327 1204 1566 1274 urgent
1592 1194 1919 1260 instantes
1944 1218 2131 1260 nun-

99 1270 256 1338 dinae
290 1287 355 1339 et
380 1277 946 1363 typographorum
974 1279 1252 1342 avaritia
1291 1279 1549 1344 volans.

228 1391 372 1474 I’ag.
397 1400 551 1464 204.
579 1397 626 1458 1.
681 1401 742 1464 9.
825 1393 1000 1458 Hinc
1031 1417 1152 1476 ego
1178 1395 1665 1460 restituendum
1684 1395 1979 1462 iudicavi
2007 1397 2130 1481 in-
2176 1401 2310 1475 250

95 1479 172 1540 fra
197 1499 354 1546 voce,
375 1476 662 1556 πέλανος
686 1502 934 1545 nomen
965 1478 1398 1562 Saunyriouis
1433 1479 1683 1546 Comici
1723 1485 1836 1566 qui
1864 1481 2131 1548 Γέλωτα

99 1577 546 1648 composuerat,
589 1564 662 1628 id
700 1578 802 1630 est
850 1564 1085 1628 risum.
1142 1565 1246 1630 Ita
1283 1567 1639 1630 vocabatur
1678 1565 1848 1630 illud
1882 1566 2129 1631 drama.

96 1645 366 1728 Diphilus
421 1671 588 1714 vero
645 1651 759 1736 qui
810 1651 920 1714 hic
975 1647 1284 1714 laudatur
1331 1647 1403 1714 ἐν
1439 1645 1767 1735 Ἐμπόρῳ,
1812 1648 1884 1714 id
1918 1663 2019 1715 est
2055 1651 2130 1716 in

93 1730 468 1814 Mercatore,
515 1737 690 1798 male
726 1748 792 1798 et
823 1747 1128 1820 corrupte
1159 1747 1355 1798 autea
1384 1733 1776 1800 laudabatur
1808 1733 1881 1800 ἐν
1902 1731 2165 1823 πόρὁ’

94 1819 181 1878 vel
220 1813 426 1903 κόρῳ,
473 1819 648 1905 quod
683 1822 884 1886 etiam
925 1823 1128 1904 probe
1169 1821 1359 1883 novit
1396 1818 1675 1900 Magnus
1708 1818 2133 1886 Gasaubonus

95 1901 496 1968 animadvers.
529 1906 604 1968 in
629 1905 882 1971 Athen.
939 1905 1094 1985 [vol.
1117 1913 1178 1973 3.
1217 1927 1279 1992 p.
1315 1910 1460 1972 307.
1493 1903 1593 1968 ed.
1624 1905 2031 1990 Schweigh]

229 2021 372 2106 Peg.
407 2029 556 2090 204.
589 2025 634 2086 l.
669 2031 766 2090 11.
799 2030 896 2090 19.
985 2021 1289 2087 (litantur
1313 2024 1422 2085 hic
1444 2017 1857 2102 Ἀττικιανοὶ,
1901 2034 1977 2086 ut
2008 2045 2136 2089 su·-

87 2127 185 2212 pra
227 2129 386 2172 voce
435 2101 688 2192 Ἀργᾶς.
773 2107 1162 2172 Poteramus
1219 2129 1338 2170 nos
1391 2111 1743 2193 utrobique
1806 2129 2136 2194 reponere
2228 2147 2259 2154 --

93 2193 470 2276 Αττικισμοὶ,
527 2193 646 2256 sed
681 2206 980 2258 veterem
1022 2193 1381 2255 lectionem
1428 2195 1717 2256 retinere
1756 2196 2133 2259 maluimus.

94 2275 262 2340 Porro
307 2278 400 2342 ait
439 2278 917 2362 Harpocration
959 2275 1138 2364 apud
1184 2277 1691 2342 Atticismorum
1750 2279 2135 2343 collectores

95 2381 150 2422 se
186 2365 496 2446 scriptum
533 2365 874 2428 invenisse
916 2358 1403 2448 ναυκρατητικοὶ
1438 2383 1555 2446 pro
1584 2357 2016 2444 ναυκραρικοέ,
2058 2384 2135 2427 ac

95 2447 138 2506 si
159 2449 324 2533 loqui
351 2449 680 2512 voluisset
717 2445 1206 2510 Demosthenes
1242 2449 1314 2509 in
1352 2459 1515 2509 orat.
1546 2445 1863 2511 adversus
1892 2446 2134 2509 Timo-

96 2545 302 2594 cratem
363 2532 448 2595 de
509 2535 708 2596 rebus
753 2531 835 2594 ad
900 2531 1363 2596 Naucraticum
1432 2531 1769 2612 navigium
1824 2541 1891 2592 et
1941 2528 2137 2593 Nau-

94 2617 320 2680 cratitas
365 2614 764 2681 mercatores
806 2617 1316 2702 pertinentibus.
1403 2613 1742 2678 Naucratis
1785 2616 1967 2678 enim
1996 2635 2133 2678 ve-
2158 2622 2351 2708 (223)

94 2711 177 2760 tus
219 2704 590 2788 emporium
637 2703 766 2764 fuit
803 2701 1117 2787 Aegypti.
1205 2701 1492 2766 Variana
1536 2697 1802 2784 quidem
1834 2710 1976 2763 erat
2006 2699 2139 2763 alia

93 2785 290 2862 lectio,
333 2785 453 2850 sed
499 2788 672 2874 hanc
705 2787 1088 2870 praevalere
1117 2789 1292 2850 forte
1336 2787 1485 2870 quis
1522 2805 1657 2846 non
1696 2784 1950 2847 insulse
1977 2784 2139 2847 exi-

91 2869 304 2934 stimet.
389 2869 596 2952 Quod
635 2871 693 2934 si
715 2865 1127 2954 ναυκραρικοὶ
1149 2873 1439 2934 velimus
1467 2871 1725 2949 legere,
1776 2867 2139 2932 descendet

91 2953 228 3015 haec
259 2977 396 3020 vox
438 2977 478 3020 a
516 2975 682 3017 voce
726 2951 1146 3037 Ναύκραροι,
1191 2967 1260 3017 et
1298 2955 1693 3036 significabit
1726 2973 1803 3018 ea
1837 2974 2004 3038 quae
2050 2951 2139 3015 ad

89 3035 415 3105 Naucraros
475 3041 894 3122 magistratus
951 3043 1311 3125 pertinent.
1428 3037 1779 3102 Caeterum
1870 3057 1995 3100 uae
2052 3035 2138 3099 de

89 3119 404 3193 Naucratis
437 3144 633 3210 supra
663 3125 946 3210 polliciti
977 3145 1203 3190 sumus
1241 3145 1407 3189 voce
1438 3115 1794 3206 δήμαρχος,
1824 3060 1949 3186 ‘llic
1998 3141 2133 3184 ex·-

91 3211 324 3291 sequuti
345 3229 680 3286 essemus,
721 3211 794 3272 ni
833 3212 914 3274 ab
943 3211 1071 3273 hoc
1105 3230 1308 3274 onere
1338 3229 1459 3272 nos
1490 3211 1902 3272 sublevasset
1933 3217 2132 3271 vetus

93 3289 310 3358 Comici
333 3295 568 3368 schol.
611 3296 724 3380 qui
767 3291 852 3357 ad
899 3295 1015 3360 illa
1063 3293 1355 3358 Nubium
1397 3287 1621 3358 δάκνει
1654 3315 1734 3375 με
1776 3283 2135 3374 Δήμαρχός

89 3399 194 3454 τις,
235 3377 315 3444 de
341 3399 578 3447 eorum
619 3379 873 3459 origine
905 3389 974 3442 et
1015 3381 1432 3444 successione
1478 3378 1649 3442 nihil
1682 3375 1923 3462 reliqui
1949 3375 2132 3440 fecit.

92 3457 174 3522 Tu
210 3465 396 3530 illum
444 3464 716 3528 consule
743 3462 1134 3546 diligenter,
1176 3475 1251 3526 ut
1287 3475 1355 3528 et
1391 3459 1678 3544 Hesych.
1706 3461 1933 3542 ποοῦ).
1972 3451 2135 3528 ναύ-

91 3549 293 3628 κληροι
324 3561 398 3612 et
442 3541 763 3632 δήμαρχοι
794 3561 863 3612 et
904 3546 1327 3632 δημιουργοὶ,
1377 3560 1446 3610 et
1478 3545 1865 3610 memineris
1901 3565 1939 3606 a
1972 3543 2135 3628 qui-

95 3629 336 3698 busdam
365 3636 492 3698 hos
526 3635 948 3714 magistratus
971 3629 1435 3716 Ναυκλάρους,
1464 3633 1545 3694 ab
1578 3627 1727 3696 aliis
1749 3649 1913 3694 vero
1947 3629 2133 3694 Ναυ-

95 3711 346 3802 κράρους
381 3730 654 3784 vocatos
697 3720 934 3796 fuisse,
979 3731 1180 3806 atque
1215 3721 1326 3784 hic
1350 3738 1473 3782 nos
1512 3737 1633 3801 pro
1668 3709 1761 3792 aig
1783 3713 1898 3780 καὶ
1934 3711 2007 3778 ἐν
2048 3715 2135 3800 τῇ
2164 3776 2169 3782 .

93 3797 591 3888 ammaim
625 3797 1024 3888 Ἡρόδοτος,
1067 3805 1445 3890 reposuisse
1484 3799 1558 3868 ἐν
1580 3804 1663 3887 τῇ
1690 3797 1962 3885 πέμπτῃ.
2046 3795 2137 3863 In

95 3881 498 3972 Terpsichore
529 3892 714 3962 euim
752 3887 1130 3956 Herodotus
1165 3889 1248 3956 de
1277 3887 1628 3954 Naucratis
1650 3889 1964 3972 loquutus
2004 3893 2131 3960 est.

1329 3975 1384 3989 .—

96 3989 374 4060 Notarius
402 4016 486 4060 ex
515 4018 546 4061 ε
569 3999 820 4062 fecerat
839 4015 918 4074 ιε,
962 4015 1160 4082 supra
1197 4013 1285 4056 ex
1323 3995 1391 4078 β,
1436 3976 1537 4078 off
1595 3989 1987 4058 Aristotelis
2018 4010 2136 4053 su-

99 4085 208 4141 tem
251 4101 414 4165 quse
452 4083 566 4145 hic
607 4081 896 4175 citpntur
935 4101 1023 4144 ex
1057 4079 1581 4144 Atheniensium
1623 4075 1881 4164 Repub.
1907 4076 2135 4153 verba,

97 4161 170 4224 sic
203 4175 356 4230 suut
397 4165 790 4246 integranda
842 4179 914 4230 et
949 4163 1320 4254 supplenda
1337 4185 1357 4226 ε
1452 4157 1801 4310 umidum&
1836 4159 1957 4313 ἔαῑ
2004 4161 2139 4242 ΑἸ·
