2684 4767
657 343 1541 416 ΑΝΝοΤΑΤΙοΝΕε.
1664 427 1671 436 ,
2013 353 2141 420 193

113 525 250 570 cum.
291 501 608 569 ‘Budaeus
634 505 840 570 etiam
865 507 957 570 ali
1005 503 1119 568 uid
1147 505 1221 570 in
1245 497 1435 570 textu
1471 507 1675 570 huius
1705 504 1875 586 legis
1900 501 2137 570 deesse

111 590 474 655 existimavit
497 592 569 652 in
599 602 897 654 annotat.
937 611 972 652 a
1048 589 1405 672 pandectas
1452 589 1964 677 posterioribus:
2012 610 2138 656 neo

109 678 248 760 uuus
277 687 370 738 est
397 675 509 738 his
531 663 650 776 bui
685 675 1082 760 subsequuti·
1106 686 1262 738 sunt
1285 695 1558 755 magnos
1585 677 1740 758 illos
1768 675 1975 754 viros,
2019 677 2138 760 qui

109 781 214 820 non
235 771 490 822 conatus
520 759 1055 839 s1t⁴i11amtegem
1085 772 1158 822 ut
1189 773 1561 844 corruptam
1588 759 1961 823 emendare.
2004 757 2139 822 sed

108 841 246 926 quod
271 863 424 926 pace
451 845 751 906 omnium
783 841 1034 908 dictum
1067 843 1190 920 sit,
1235 843 1407 906 nihil
1437 842 1829 908 mutandum
1875 863 2141 922 censeo,
2206 847 2213 850 ’

105 929 268 990 verbs
291 928 466 989 enim
493 929 750 1008 integ-ra
783 941 942 991 sunt
979 939 1048 990 et
1095 929 1662 1008 elegantissimum
1700 938 1974 992 sensum
2005 929 2143 992 hs·-

107 1014 258 1090 bent,
295 1010 612 1076 Exilium
655 1014 778 1088 (ait
809 1011 1210 1092 Marcianus)
1256 1011 1515 1096 triplex
1561 1023 1667 1076 est
1682 1061 1707 1092 ,
1755 1022 1878 1076 aut
1911 1023 2141 1077 certo-

108 1117 228 1158 rum
263 1095 578 1174 locorum
619 1093 1054 1174 interdictiO,
1123 1107 1247 1160 aut
1289 1095 1443 1160 lata
1471 1095 1669 1186 juga
1722 1107 1801 1161 ut
1836 1097 2143 1162 omnium

104 1181 364 1244 locorum
392 1179 852 1246 interdicatur
883 1192 1174 1268 praeter
1193 1193 1459 1246 certum
1488 1183 1750 1262 locum,
1797 1194 1923 1247 aut
1948 1182 2145 1248 insis-

109 1265 190 1330 lae
206 1266 564 1344 vinculum,
597 1276 675 1329 ut
703 1267 1044 1355 relegatio
1085 1269 1156 1330 in
1185 1267 1508 1332 insulam.
1598 1266 1809 1339 Cardo
1846 1267 2146 1332 difficul-
2180 1337 2183 1342 ,

105 1355 224 1414 tatis
256 1365 350 1415 est
378 1355 451 1415 in
501 1353 614 1415 his
651 1356 924 1425 verbis,
954 1363 1078 1416 aut
1103 1352 1253 1418 lata
1279 1351 1363 1436 fu
1415 1376 1461 1416 a
1496 1363 1575 1416 ut
1612 1355 1921 1418 omnium
1950 1353 2143 1416 loco-

102 1457 224 1498 rum
253 1435 708 1523 interdicatur
729 1449 1014 1522 praeter
1040 1448 1304 1504 certum
1364 1461 1583 1515 ocum,
1638 1459 1720 1501 eo
1750 1436 1929 1522 quod
1958 1438 2143 1502 enim

103 1541 292 1584 omnes
315 1519 394 1584 ad
421 1521 634 1584 unum
664 1521 1084 1602 cerdiderintg
1130 1523 1212 1586 de
1243 1527 1377 1586 lats
1406 1528 1561 1602 sugo
1596 1523 1707 1587 hic
1736 1523 1921 1609 loqui
1948 1521 2140 1603 Mar-
2246 1530 2256 1536 “

105 1607 361 1684 cinnum,
397 1605 480 1668 de
515 1628 640 1691 qua
675 1619 976 1672 auctores
1002 1629 1234 1672 omnes
1263 1610 1519 1671 classici
1545 1611 1788 1684 ferme,
1828 1605 1899 1670 id
1927 1619 2029 1669 est
2057 1602 2141 1668 de
2250 1615 2257 1624 '

101 1691 274 1752 libero
301 1691 506 1754 exilio
527 1739 545 1768 ,
587 1703 655 1754 et
682 1694 814 1754 late
842 1691 1127 1775 vagandi
1149 1693 1502 1778 potestate‚'
1538 1703 1801 1756 textum
1830 1704 2143 1776 torquere
2236 1697 2293 1714 ·“

98 1785 397 1837 tentarunt
439 1787 715 1854 temere,
778 1789 848 1840 et
877 1780 974 1840 sic
1020 1798 1057 1841 a
1095 1790 1322 1839 mente
1368 1775 1833 1840 Iurisconsulti
1882 1775 2143 1839 disces-

99 1877 234 1920 sere.
295 1858 428 1922 Nos
465 1862 758 1929 breviter
793 1873 862 1926 et
896 1862 1043 1924 sine
1075 1860 1535 1926 venditatione
1570 1860 1925 1924 asserimus
1952 1859 2142 1924 Mar-

97 1944 318 2007 cianum
359 1945 434 2006 in
478 1945 606 2007 hoc
643 1947 791 2026 lege
835 1943 914 2008 de
959 1947 1084 2008 hac
1123 1949 1256 2010 lata
1296 1949 1488 2025 fuga,
1558 1965 1725 2031 quae
1768 1967 1891 2028 pro
1932 1945 2139 2006 exilio
2192 1945 2314 2009 198

95 2027 270 2089 libero
303 2040 368 2090 et
386 2029 526 2092 late
557 2027 842 2109 vagandi
869 2043 1200 2116 potestate
1230 2031 1566 2113 accipitur,
1612 2032 1793 2114 loqui
1822 2027 2337 2114 noluisse,(196)

97 2110 188 2172 sed
205 2109 280 2174 de
296 2134 390 2191 es,
420 2135 549 2198 qua
581 2113 692 2198 qui
715 2116 1072 2178 mulctatus
1091 2127 1210 2194 est,
1229 2119 1308 2178 ab
1327 2117 1633 2177 erunibus
1652 2113 1815 2175 locis
1834 2124 2141 2176 censetur

93 2194 440 2260 interdictus
465 2212 732 2282 praeter
762 2212 1032 2264 certum.
1079 2198 1314 2286 Itaque
1352 2213 1425 2261 ut
1462 2200 1701 2262 clarius
1727 2199 1893 2260 haec
1923 2200 2143 2262 inter-.-

91 2293 408 2361 pretemur,
439 2283 516 2346 in
540 2284 807 2364 passivo
833 2285 998 2346 haec
1030 2283 1463 2365 intelligenda
1496 2295 1672 2358 sunt,
1714 2294 1790 2344 ut
1824 2282 2143 2347 nimirum

91 2365 184 2426 ille
211 2367 314 2448 qui
339 2367 518 2428 latae
549 2371 746 2446 fugae
772 2370 976 2431 exilio
1003 2371 1276 2452 punitus
1313 2369 1538 2446 suerit,
1586 2371 1721 2428 non'
1747 2368 1879 2428 late
1909 2371 1941 2428 f
1944 2387 2143 2446 ogere

90 2451 286 2528 possit,
327 2448 688 2537 (quomodo
733 2473 1040 2536 accepere
1081 2453 1375 2533 omnes),
1423 2451 1540 2514 sed
1572 2453 1705 2514 late
1734 2451 1967 2529 fugari.
2054 2449 2143 2512 Et
2188 2511 2194 2516 .

92 2533 164 2596 ita
199 2536 554 2598 bellissime
601 2547 670 2598 et
700 2537 1190 2622 appositissime
1227 2539 1427 2606 latam
1464 2541 1687 2617 fugam
1727 2537 2137 2618 interpreta-

92 2618 616 2682 bimuromnium
653 2621 950 2684 locorum
985 2619 1521 2685 interdictionem
1562 2632 1824 2704 praeter
1866 2630 2139 2685 certum.
2198 2651 2203 2664 ·

93 2700 211 2764 Non
241 2703 594 2766 afferemus
632 2718 1016 2784 argumento
1063 2706 1302 2790 quibus
1331 2706 1719 2790 opinionem
1754 2703 1929 2766 hanc
1973 2723 2145 2766 nos-

91 2796 232 2850 tram
273 2789 658 2852 confirmare
684 2792 1010 2862 solemus,
1057 2811 1178 2852 nec
1201 2809 1517 2876 responsa
1564 2809 1731 2872 quae
1778 2786 1860 2849 ad
1912 2787 2143 2850 obiec-

85 2874 268 2934 tiones
315 2893 488 2958 quae
521 2873 784 2937 moveri
819 2885 1128 2958 possunt,
1176 2872 1444 2949 damus,
1493 2875 1645 2957 quia
1676 2873 1843 2934 haec
1874 2882 2140 2936 tantum
2216 2889 2225 2898 ·

89 2975 186 3037 per
207 2971 628 3026 transennam
657 2961 1024 3037 tetigimus,
1071 2970 1140 3022 et
1169 2979 1204 3020 a
1237 2961 1431 3021 nobis
1462 2960 1587 3020 hoc
1618 2958 1752 3020 iam
1783 2954 2140 3035 diiigenter
2214 2965 2219 2972 '

87 3055 392 3120 peractum
422 3043 628 3106 estin
657 3043 1079 3121 lectionibus,
1119 3063 1279 3127 quas
1309 3055 1461 3126 post
1485 3043 1612 3104 hoc
1644 3061 1813 3126 opus
1844 3041 2138 3104 edemus·
2212 3047 2219 3056 ’

222 3123 368 3207 Peg.
403 3133 546 3194 153.
587 3128 634 3190 l.
669 3130 726 3195 5.
816 3125 1041 3192 Codex
1071 3125 1230 3190 Feci.
1261 3127 1531 3190 Morelli
1558 3127 1759 3190 habet
1788 3119 2139 3208 Δημοσθὲ-
2206 3201 2221 3214 ,

87 3229 182 3291 νης
207 3205 412 3276 ἐνΔω
449 3214 882 3289 Φιλιππικῶν,
924 3212 996 3275 id
1031 3225 1130 3278 est
1159 3215 1232 3276 in
1265 3223 1521 3295 quart0,
1566 3207 1639 3274 ἐν
1663 3204 1965 3294 τετάρτῳ.
2082 3225 2085 3228 ’
2183 3277 2191 3288 ,
2272 3261 2289 3280 ,

224 3293 369 3376 Peg.
419 3300 560 3366 154.
601 3299 645 3360 i.
703 3303 794 3363 16.
879 3297 1071 3360 Alias
1119 3293 1437 3370 Μνασέας
1481 3297 1789 3357 scribitur
1834 3295 1981 3358 sine
2025 3291 2140 3356 di-
2193 3307 2317 3370 199

87 3379 440 3462 phthongo,
481 3394 556 3444 ut
600 3382 774 3446 infra
811 3401 978 3444 voce
1021 3397 1062 3446 σ
1149 3379 1231 3445 ol.
1277 3382 1557 3450 illustris
1592 3379 1702 3442 hic
1752 3391 1981 3440 auctor
2014 3389 2138 3456 est,

92 3473 142 3522 et
170 3483 200 3524 a
229 3468 454 3528 multis
493 3478 800 3530 veterum
839 3465 1182 3539 laudatus,
1229 3467 1312 3526 eb
1348 3465 1706 3526 Athenaeo
1750 3458 1836 3532 ἐν,
1856 3459 2138 3546 δευτέρῳ

91 3546 208 3628 περὶ
229 3541 464 3628 Ἀσίας,
517 3554 596 3615 sb
631 3550 860 3634 Steph.
909 3547 980 3614 ἐν
1007 3551 1194 3634 τρίτῃ
1237 3543 1703 3630 περιηγήσεων,
1744 3567 1911 3624 voce
1932 3541 2145 3630 Ἑγγε.

90 3633 272 3710 mvsa,
314 3637 398 3696 ab
433 3635 808 3700 Euat-rator.
837 3633 1155 3719 Apollon.
1203 3631 1422 3698 Rhod.
1468 3635 1548 3696 ab·
1576 3631 1945 3695 Ammonio
1976 3652 2143 3696 voce

91 3716 395 3802 Νηρεΐδης.
482 3718 616 3782 Sed
655 3719 1038 3784 liberandus
1085 3731 1186 3782 est
1211 3719 1338 3782 ille.
1359 3738 1397 3778 a
1428 3715 1669 3780 mendo
1691 3763 1708 3792 ,
1758 3716 1932 3792 mele
1960 3718 2145 3780 enim

91 3799 256 3865 hodie
283 3807 529 3886 legitur
558 3799 896 3869 Μνασέων
923 3803 994 3868 ἐν
1019 3809 1158 3881 τοῖς
1184 3801 1332 3885 περὶ
1367 3805 1483 3884 τῆς
1510 3794 1855 3882 Εὐρώπης,
1900 3802 2145 3882 legen-
2170 3813 2210 3822 ·“

94 3881 218 3949 dum
275 3902 376 3952 est
417 3887 752 3966 Μνασέας.
841 3887 1034 3953 Libri
1085 3891 1232 3952 eius
1290 3886 1373 3948 de
1426 3886 1687 3970 Europa
1750 3907 1889 3946 non
1932 3887 2177 3968 semel·

93 3970 340 4036 citantur
381 3977 462 4036 ab
507 3975 868 4038 Athenaeo
915 3974 1190 4038 nomine
1237 3965 1722 4053 Εὐρωπιακῶν,
1766 3971 1879 4030 vel
1908 3964 2145 4052 Εὐρώ-

89 4073 190 4134 πης
209 4052 474 4143 πρώτῳ,
513 4057 844 4144 δευτέρῳ,
883 4059 1097 4141 τρίτῳ.
1156 4057 1226 4120 Α
1261 4055 1719 4119 Grammaticis
1740 4101 1757 4131 ‚
1794 4066 1871 4116 ut
1897 4075 1936 4116 a
1970 4053 2146 4116 Ful-

93 4142 650 4217 gentioflanciade
677 4145 984 4230 Europae
1013 4144 1170 4208 libri
1193 4145 1270 4204 in
1298 4161 1462 4229 yoce
1481 4137 1899 4225 vispillone-9.
1944 4135 2145 4202 Mna·

154 4247 588 4293 HARPOGRA'HO.
669 4253 816 4292 τοι.
871 4231 944 4289 Π.
1832 4221 1893 4286 Ν
