2684 4767
481 348 612 426 2'24
1097 337 1128 392 ·’
1213 339 1803 420 ‘MAUssAcl

393 497 403 504 ⁶
481 507 698 578 τοῦτο’
735 494 1028 574 ἐκᾶλουν
1051 499 1688 592 πεντηκοστεὸεσθαι
1711 555 1733 590 ,
1800 503 1917 572 καὶ
1970 503 2041 572 οἰ
2084 501 2165 574 τᾶ
2212 501 2401 586 τέλος
2440 505 2559 574 εἰσ-

480 591 882 682 πράττοντες
921 589 1511 678 πεντηκοστολόγοι
1562 593 1943 658 καλοῦνται.

649 679 804 762 Pag-
839 685 984 748 240.
1027 681 1069 746 l.
1101 687 1161 747 9.
1249 677 1433 743 Vide
1482 698 1679 763 supra
1724 673 2149 762 ἆρῤηφορεῖν.

657 765 808 847 Pag.
842 769 988 832 240.
1029 765 1076 826 1.
1107 769 1204 832 14.
1293 761 1455 827 Vox
1495 764 1665 825 haec
1704 759 2011 849 Περγασῆ
2056 785 2096 828 a
2128 758 2559 850 praecedenti

487 853 922 937 Περγασῆθεν
951 851 1128 914 male
1162 851 1396 912 luxata
1446 861 1609 912 erat.

213 999 222 1012 ,
306 952 437 1017 287
483 1023 528 1090 δ
657 935 810 1018 Pag.
843 941 990 1004 240.
1027 937 1077 1004 l.
1109 941 1213 1004 18.
1297 930 1481 996 Vide
1524 933 1799 998 omnino
1840 929 2117 998 Suidam
2153 932 2237 997 in
2281 930 2556 1016 Περίαν·

575 1043 664 1099 09.
687 1085 713 1096 ,,

530 1045 568 1107 ⁰
653 1106 803 1188 Pag.
831 1109 976 1173 241.
1013 1105 1060 1168 1.
1097 1106 1195 1172 15.
1235 1181 1241 1186 ,
1277 1099 1459 1166 Vide
1500 1121 1696 1188 supra
1743 1121 1978 1166 vocem
2020 1095 2389 1187 καταβολή.

649 1191 802 1272 Pag.
837 1197 983 1259 241.
1025 1192 1075 1253 1.
1115 1193 1215 1258 15.
1305 1186 1602 1250 Dubium
1644 1199 1875 1250 movet
1924 1189 2052 1251 hoc
2100 1190 2237 1252 loci
2282 1187 2555 1272 Harpo—

485 1279 772 1356 cration,
849 1273 1072 1361 (quod
1113 1273 1503 1360 saepissime
1545 1273 1705 1334 facit
1746 1293 1892 1334 cum
1930 1285 2198 1336 veteres
2249 1285 2551 1336 auctores

484 1387 622 1428 non
663 1360 1030 1442 intelligit)
1070 1361 1178 1422 cui
1227 1371 1367 1420 tam
1408 1358 1603 1420 facile
1643 1353 2195 1440 respondebimus
2222 1405 2242 1438 ,
2318 1367 2399 1418 ut
2442 1357 2552 1419 vel

481 1449 641 1512 hinc
685 1445 1154 1527 incogitantiae
1202 1440 1578 1524 arguendus
1626 1439 1847 1504 videri
1898 1443 2143 1526 possit,
2217 1443 2341 1505 vel
2400 1436 2549 1505 ἀπό-

485 1553 626 1614 ρων
669 1551 1049 1594 sermonum
1087 1525 1168 1591 ad
1201 1527 1577 1590 satietatem
1614 1545 1861 1588 amans.
1950 1527 2075 1589 Ait
2103 1516 2547 1589 Aristotelem

478 1619 554 1681 in
586 1615 1107 1684 Atheniensium
1135 1612 1391 1698 Repub.
1421 1613 1517 1674 ita
1550 1608 1633 1672 de
1660 1608 1713 1672 E
1763 1611 1952 1674 hebis
1982 1613 2345 1696 loquutum
2381 1631 2542 1688 esse,

477 1699 599 1768 τὸν
643 1695 954 1780 δεύτερον
991 1694 1293 1762 ἐνιαυτὸν
1340 1693 1685 1779 ἐκκλησίας
1754 1717 1797 1758 ν
1848 1699 1943 1779 τῷ
1982 1690 2249 1782 θεάτρῳ
2290 1693 2543 1780 γενομέ·
2628 1701 2633 1704 ’

478 1809 629 1872 νης,
675 1781 1149 1864 ἀποδεξάμενοι
1191 1784 1284 1868 τῷ
1315 1777 1503 1866 δήμῳ
1534 1777 1687 1862 περὶ
1717 1775 1837 1856 τοὶς
1860 1777 2106 1858 τάξεις,
2150 1779 2270 1846 καὶ
2312 1779 2544 1866 λαβόν-

475 1894 582 1948 τες
621 1866 868 1935 ἀσπίδα
917 1865 1028 1932 καὶ
1064 1863 1232 1949 δόρυ
1283 1862 1469 1948 παρὰ
1509 1869 1631 1930 τοῦ
1672 1861 1887 1948 δήμου
1940 1869 2385 1948 περιπολοῦσι
2429 1862 2543 1948 τὴν

225 1959 228 1964 ’
264 1966 446 2059 (242)
476 1951 704 2042 χώραν
734 1953 845 2019 καὶ
874 1953 1329 2036 διατρίβουσιν
1366 1949 1437 2015 ἐν
1464 1955 1603 2026 τοῖς
1630 1950 2116 2034 φυλακτηρίοις.
2200 1949 2297 2015 Et
2326 1971 2418 2014 ex
2438 1951 2539 2013 his

477 2038 808 2106 concludit
838 2035 1322 2100 observandum
1348 2055 1492 2098 esse
1510 2082 1527 2113 ,
1570 2033 2008 2098 Aristotelem
2038 2047 2315 2121 putasse
2344 2037 2536 2098 unius
2659 2099 2660 2115 χ

477 2128 638 2190 anni
658 2134 916 2186 tantum
952 2123 1164 2208 spatio
1193 2120 1505 2205 Ephebos
1536 2115 1938 2200 περιπόλους
1974 2122 2119 2184 sive
2155 2121 2535 2184 circuitores
2659 2123 2660 2182 ἰ

473 2213 723 2288 fuisse,
779 2205 1189 2270 Aeschinem
1219 2226 1381 2267 vero
1416 2225 1455 2267 e
1502 2215 1725 2267 contra
1750 2225 1887 2266 non
1918 2206 2116 2266 unius
2138 2253 2154 2284 ,
2200 2204 2327 2268 sed
2360 2203 2535 2268 duo·
2659 2205 2660 2280 3

475 2317 623 2359 rum
677 2298 998 2354 annorum
1057 2291 1419 2365 curriculo,
1484 2286 1889 2374 tandemque
1936 2309 2017 2352 eo
2075 2286 2394 2370 devenit,
2462 2299 2535 2350 ut
2659 2285 2660 2328 ἶ

473 2381 678 2444 verba
721 2375 1078 2442 Aeschinis
1119 2378 1200 2438 ab
1257 2394 1479 2438 errore
1520 2377 1735 2438 ferme
1774 2375 1942 2438 velit
1988 2393 2331 2438 excusare.
2414 2372 2533 2436 Ait

474 2465 656 2528 enim
699 2464 872 2525 forte
917 2459 1332 2523 Aeschinem
1368 2458 1521 2523 ideo
1562 2459 1869 2522 retulisse
1910 2458 1985 2522 in
2028 2471 2190 2522 orat.
2238 2457 2324 2522 de
2370 2461 2529 2522 falsa

469 2551 668 2630 legat.
692 2567 764 2610 se
792 2565 912 2630 per
940 2543 1222 2609 duorum
1248 2565 1573 2608 annorum
1602 2543 1892 2628 spatium
1912 2543 2274 2628 περίπολον
2302 2545 2528 2618 fuisse,

471 2646 548 2697 ut
583 2633 822 2695 maiori
854 2627 1048 2692 laude
1094 2627 1330 2708 dignus
1371 2627 1751 2707 videretur,
1797 2639 1865 2689 et
1916 2647 1988 2690 se
2034 2628 2242 2710 magis
2274 2629 2527 2734 populo

475 2713 1000 2789 commendaret,
1061 2709 1450 2794 (legendum
1483 2713 1664 2776 enim
1712 2725 1815 2776 est
1848 2709 1958 2778 καὶ
1986 2707 2067 2777 τά
2106 2736 2149 2777 α
2186 2712 2301 2778 δια
2328 2715 2523 2778 τοῦτο

473 2797 656 2865 ἔπεσε
707 2793 882 2904 νύθη
917 2799 1039 2863 τοῦ
1063 2793 1482 2880 πράγματος,
1528 2807 1605 2859 ut
1630 2797 1831 2860 habet
1859 2794 2017 2860 Cod,
2110 2795 2209 2862 ed.
2238 2795 2521 2870 Motelli,

471 2906 611 2949 non
673 2887 1029 2967 πεμνησθη,
1061 2881 1236 2968 quod
1267 2896 1492 2946 tamen
1524 2902 1659 2943 nou
1689 2881 1962 2944 omnino
1995 2881 2351 2946 reiiculum
2378 2879 2521 2962 est.)

472 2967 693 3054 quod,
744 2989 892 3031 cum
923 2967 1188 3052 Ephebi
1225 2969 1374 3047 lege
1420 2977 1681 3030 tantum
1723 2977 2112 3046 cogerentur
2154 2987 2275 3050 per
2319 2985 2522 3030 unum

471 3074 722 3120 annum
767 3055 1174 3134 περιπολεῖν,
1218 3053 1240 3114 i
1293 3071 1365 3112 se
1404 3071 1491 3113 ex
1532 3047 1897 3112 abundanti
1938 3068 2058 3136 per
2102 3049 2272 3113 duos
2320 3067 2521 3114 annos

466 3139 826 3220 περίπολος
867 3137 1120 3200 fuisset.
1272 3157 1386 3198 aec
1428 3153 1619 3199 mens
1668 3131 2207 3219 Harpocrationis
2234 3181 2254 3216 ,
2328 3153 2521 3220 quem

468 3225 614 3287 sine
661 3223 860 3288 dubio
903 3223 1031 3284 sibi
1075 3224 1483 3306 persuasisse
1524 3239 1612 3280 ex
1652 3217 2203 3304 praecedentibus
2243 3219 2519 3284 Aristo-

464 3311 621 3373 telis
651 3309 888 3388 verbis·
905 3307 1051 3387 lege
1077 3306 1238 3368 olim
1261 3303 1575 3388 Ephebos
1602 3307 1979 3384 περιπολεῖν
2018 3317 2277 3368 coactos
2314 3305 2517 3367 fuisse

465 3394 668 3456 unius
697 3403 958 3458 tantum
989 3391 1147 3454 anni
1177 3389 1413 3474 spatie,
1459 3409 1545 3450 ex
1571 3389 1679 3450 his
1714 3391 1963 3474 optIme
1988 3389 2323 3470 coniicias.
2384 3385 2515 3452 Nos

287 3496 420 3562 233
469 3477 692 3541 contra
741 3479 932 3540 illum
977 3487 1045 3540 et
1088 3487 1312 3538 contra
1349 3473 1820 3552 Aristotelem,
1866 3475 1921 3537 si
1958 3493 2194 3538 verum
2234 3474 2323 3537 sit
2366 3489 2517 3535 eum

465 3561 594 3624 hoc
621 3565 836 3626 solum
881 3561 1166 3648 spatium
1195 3557 1492 3644 Ephebis
1528 3555 1906 3639 περιπόλοις
1947 3560 2298 3638 tribuisse,
2342 3549 2512 3642 quod

467 3665 604 3708 non
637 3651 730 3711 ita
758 3647 952 3708 facile
987 3657 1089 3708 est
1125 3663 1400 3723 arguere
1434 3661 1521 3704 ex
1560 3663 1759 3742 supra
1788 3641 2014 3709 relatis
2046 3645 2302 3723 verbis,
2350 3661 2510 3730 pro-
2592 3631 2613 3648 ³

375 3727 390 3738 ’
464 3731 625 3794 bare
673 3731 984 3792 volumus
1037 3740 1106 3790 et
1148 3726 1385 3792 docere
1432 3727 1779 3790 Aesclunis
1834 3729 2036 3792 verbe
2084 3728 2269 3790 nulla
2322 3741 2507 3806 egere

461 3813 1035 3898 interpretatione,
1066 3813 1325 3875 nullum
1360 3810 1633 3875 dubium
1665 3813 1981 3899 recipere,
2016 3823 2085 3874 et
2112 3810 2289 3898 quod
2312 3827 2507 3898 prae-

465 3898 729 3984 cipuum
773 3911 902 3975 cst,
948 3901 1094 3978 lege
1140 3897 1534 3960 nominatim
1566 3908 1833 3960 cautum
1864 3896 2105 3976 fuisse,
2152 3909 2229 3960 ut
2254 3889 2505 3980 Ephebi

460 4003 584 4068 per
609 3981 771 4045 duos
812 4003 1020 4045 annos
1073 3980 1419 4061 περίπολοι
1458 3995 1699 4044 essent.
1788 3979 1987 4061 Quod
2028 3994 2105 4045 ut
2138 3979 2499 4067 expeditius

463 4087 902 4152 exsequamur
922 4117 938 4148 ‚
984 4061 1328 4129 sciendum
1360 4078 1462 4128 est
1500 4066 1678 4128 inter
1705 4061 1919 4146 leges,
1950 4065 2212 4130 Atticas
2240 4079 2501 4148 quarum

461 4171 860 4234 synagogem
903 4150 1150 4218 edituri
1197 4169 1463 4232 sumus,
1510 4171 1715 4214 unam
1756 4152 2001 4232 fuisse,
2046 4170 2216 4236 quae
2244 4147 2499 4212 iubebat
